2916 4934
506 405 779 451 ranmosrmouus
803 406 872 451 6666
894 407 967 452 sun.
1194 417 1199 423 ·
1271 392 1312 453 59

151 583 304 640 necessest
319 579 460 638 funditus
480 579 546 658 ipsa
559 580 639 657 ignis
655 599 780 658 corpora
798 613 830 621 —
852 599 1039 658 consurgere.
1070 598 1102 638 v.
1121 579 1198 640 908:
1223 603 1312 659 quem

149 685 300 760 Magneta
313 683 425 740 6666661
434 677 541 757 patrio
557 677 728 740 denomino
744 683 825 741 Grai.
854 700 887 740 v.
905 682 1003 742 1101:
1023 678 1060 740 616
1075 684 1158 741 16666
1173 689 1311 761 surgunt.

232 779 271 862 b)
297 777 574 862 significationem
595 779 698 842 habet
716 779 917 863 partitivum.
950 780 1093 858 II,104:
1116 782 1313 846 6166166616
1437 807 1442 813 ’

144 901 255 962 uenere
271 888 385 946 horum
400 887 537 965 pausula.
568 904 602 944 v.
620 883 698 946 183:
721 907 801 945 nune
822 888 855 945 id
870 889 952 965 quod
967 908 1057 966 super
1072 893 1118 947 661
1134 883 1313 946 1666611166

147 989 358 1068 expediemus.
379 1005 411 1047 v.
423 985 502 1047 430:
519 989 618 1047 fecula
632 989 692 1047 iam
708 1005 765 1067 quo
781 984 818 1046 de
832 1005 944 1064 9666666
959 991 1167 1068 estinuleeque
1183 1010 1311 1069 sapores.

147 1086 213 1165 III,
230 1090 319 1151 481:
339 1095 439 1150 uetera
454 1086 614 1166 6166666666
628 1087 694 1148 166.
716 1108 748 1147 v.
768 1089 846 1150 8596
864 1092 909 1150 nil
929 1124 960 1133 -
981 1088 1019 1149 de
1033 1087 1129 1150 66116.
1152 1087 1215 1165 IV,
1234 1091 1311 1152 145:

148 1215 269 1274 semper
286 1195 371 1254 enim
385 1214 536 1253 summum
547 1193 691 1271 quiequid
707 1187 744 1250 de
758 1189 847 1251 66166
862 1194 1006 1254 abundat.
1022 1212 1054 1252 v.
1066 1192 1144 1253 462:
1161 1195 1261 1252 661666
1276 1190 1313 1252 16

144 1292 558 1373 666666166661666116666116
571 1296 717 1355 videmus.
734 1311 766 1351 v.
779 1293 856 1353 590:
874 1297 972 1382 661666
988 1292 1026 1354 16
1036 1313 1147 1373 666666
1161 1291 1214 1353 166
1229 1317 1313 1355 mon·

149 1405 207 1459 stra
221 1419 260 1459 66
277 1401 424 1478 portenta
439 1398 605 1477 loquentur
618 1391 810 1476 (Brixiensis
825 1392 927 1456 editio
937 1393 1104 1456 Praeterea
1115 1394 1312 1474 66666166).

148 1496 278 1560 Eodem
300 1496 402 1559 modo
422 1494 465 1573 V,
488 1497 549 1559 845
566 1495 682 1580 ζο61666
706 1496 743 1557 de
758 1517 869 1574 666666
887 1497 942 1558 166
962 1505 1097 1560 monstra
1116 1521 1150 1560 66
1172 1506 1314 1580 portenta

150 1605 283 1664 creabat.
299 1597 364 1676 IV,
378 1600 453 1663 744:
471 1607 571 1662 661666
580 1603 617 1661 de
626 1622 736 1679 genere
746 1604 812 1662 hoe.
830 1599 903 1660 839.
922 1599 1018 1662 1170.
1037 1598 1098 1676 VI,
1111 1602 1184 1663 244.
1203 1599 1246 1677 V,
1258 1601 1311 1663 376

151 1708 248 1766 astera
271 1700 436 1782 (16966666
449 1700 504 1762 hoc
522 1725 599 1783 quae
619 1708 692 1764 sunt
706 1708 850 1784 portenta
864 1709 1028 1783 perempta.
1054 1722 1084 1763 v.
1105 1704 1177 1765 164.
1201 1724 1232 1764 v.
1251 1703 1313 1765 893

152 1811 182 1868 61
196 1806 304 1869 1449:
323 1807 422 1865 661666
439 1803 729 1883 16666661666666.
755 1801 816 1881 VI,
834 1805 912 1866 6766
931 1808 1032 1866 omnia
1047 1803 1083 1864 de
1093 1825 1204 1884 666666
1220 1805 1312 1867 omui.

232 1907 266 1989 6)
284 1903 409 1968 dieitur
425 1904 465 1968 de
476 1903 613 1986 origine.
631 1904 660 1982 I,
674 1906 751 1968 1576
769 1911 813 1969 nil
829 1929 915 1988 posse
931 1910 1024 1995 ereari
1041 1904 1168 1969 6166116.
1186 1929 1219 1970 v.
1232 1909 1311 1970 159:

153 2016 227 2074 Nam
247 2013 278 2072 si
294 2008 333 2070 de
347 2006 412 2069 6116
427 2012 543 2071 fierent.
569 2029 601 2070 v.
619 2008 696 2071 1896
714 2012 835 2090 quodsi
852 2007 889 2068 de
904 2006 967 2069 66116
982 2013 1099 2072 fierent.
1123 2031 1155 2071 v.
1175 2011 1252 2072 9056
1269 2015 1315 2073 nil

154 2118 245 2194 igitur
259 2115 329 2175 fieri
345 2108 462 2172 61661116
478 2134 565 2194 posse
579 2115 777 2173 fatendumst.
794 2133 825 2172 v.
839 2111 915 2172 9666
934 2116 1026 2174 creari
1042 2110 1079 2172 616
1093 2110 1169 2174 61116.
1187 2133 1218 2173 v.
1233 2114 1311 2175 542:

155 2215 188 2277 16
200 2214 334 2296 asiloque
348 2218 457 2275 666616
473 2218 582 2277 forent.
614 2234 646 2275 v.
664 2214 742 2276 544:
760 2216 804 2275 nil
819 2237 905 2295 posse
921 2212 1020 2274 666661
1036 2212 1074 2275 616
1089 2213 1165 2276 6116.
1189 2236 1220 2276 v.
1233 2215 1311 2278 674:

153 2317 186 2380 16
204 2316 339 2400 ueloque
359 2324 465 2380 renata
479 2321 614 2397 vigescat
629 2319 715 2398 copia
729 2339 839 2379 rerum.
869 2337 901 2378 v.
921 2316 999 2378 7576
1018 2316 1055 2377 616
1069 2315 1194 2400 ulloque
1209 2325 1315 2381 renata

155 2425 305 2502 vigescere
321 2423 408 2501 copia
417 2442 526 2482 rerum.
543 2440 574 2479 v.
587 2419 665 2480 836:
683 2417 720 2479 de
728 2417 885 2498 pausillis
900 2428 992 2499 atque
1007 2417 1134 2481 minutia
1149 2418 1313 2482 6166661166

155 2528 247 2586 riseus
267 2527 357 2604 gigni
377 2558 408 2568 -
433 2530 530 2605 putat.
561 2543 593 2582 v.
612 2522 689 2583 840:
707 2521 744 2582 616
760 2520 850 2582 166616
864 2530 977 2584 terram
993 2545 1181 2586 eonsreseere
1190 2521 1310 2604 paruis.

156 2647 182 2687 v.
194 2627 278 2688 858:
296 2628 390 2687 creari
406 2623 443 2685 de
457 2623 533 2686 6116.
555 2622 604 2700 II,
617 2623 694 2686 9876
712 2623 748 2683 de
763 2622 828 2686 66116
844 2628 987 2706 quoniam
1002 2629 1067 2686 fieri
1082 2630 1125 2688 nil
1136 2629 1313 2707 possevide·

154 2752 222 2792 mus.
255 2748 291 2790 v.
310 2727 391 2788 889:
409 2730 468 2789 nisi
483 2730 606 2789 luminis
622 2731 675 2788 illa
690 2730 807 2788 minora
822 2750 947 2809 corpora
960 2736 1033 2790 sunt
1048 2752 1137 2809 quam
1154 2727 1313 2811 dequibus

155 2840 194 2894 661
206 2836 315 2914 liquor
329 2833 426 2892 almus
441 2853 595 2911 aquarum.
614 2849 647 2891 v.
662 2830 737 2891 7336
754 2827 841 2908 nigro
858 2828 895 2890 de
910 2828 1021 2891 6666166
1037 2818 1117 2892 nata.
1133 2851 1166 2901 u
1180 2830 1257 2893 7916
1276 2837 1313 2894 de

155 2938 241 3015 nigris
249 2931 442 3016 (creantur).
458 2952 492 2994 v.
501 2932 574 2995 7936
587 2935 759 2995 exorientur
765 2934 893 2994 eandida
900 2930 937 2992 616
943 2931 1040 2994 6666116.
1060 2953 1092 2993 v.
1103 2933 1165 2995 824
1173 2942 1204 2996 61
1210 2938 1313 3014 nigros

155 3035 313 3116 6661611966
324 3033 360 3096 de
370 3033 481 3096 66661616
491 3057 609 3117 cycnos.
631 3055 662 3095 v.
675 3035 753 3097 8796
765 3038 867 3097 videre
877 3038 950 3097 lieet
959 3040 1043 3098 vivos
1057 3040 1184 3098 existere
1198 3060 1314 3099 vermes

155 3143 281 3200 61666666
290 3135 330 3198 de
339 3141 448 3198 166166.
471 3158 503 3199 v.
516 3137 593 3200 9756
606 3141 689 3218 quid,
700 3161 795 3218 genus
806 3142 971 3200 humanum
982 3143 1142 3221 propritim
1158 3138 1196 3199 616
1211 3136 1313 3221 661161

147 3237 324 3323 factumst?
355 3260 386 3301 v.
405 3239 484 3301 999:
506 3239 543 3302 616
559 3244 642 3302 16666
658 3244 740 3322 quod
755 3244 815 3303 fuit
831 3249 910 3303 ante.
941 3238 1008 3318 III,
1036 3242 1114 3303 9786
1141 3239 1313 3322 corporibus

155 3349 218 3426 quia
226 3340 385 3425 66666616
393 3341 566 3424 punctaque
577 3347 721 3406 66661661.
738 3364 770 3405 v.
785 3342 862 3405 750:
880 3366 967 3406 sanes
977 3341 1122 3428 Hyrcano
1138 3342 1311 3406 desemine.

154 3445 334 3525 IV,1225:
361 3448 606 3527 quandoquidem
631 3450 695 3508 nilo
718 3451 815 3528 magis
840 3451 914 3508 haee
938 3446 975 3507 616
999 3444 1112 3508 semine
1133 3451 1212 3508 66616
1235 3451 1314 3510 fiunt

154 3574 237 3632 quam
261 3552 354 3611 166166
376 3556 408 3611 61
429 3571 554 3630 corpora
567 3552 763 3629 membraque
778 3553 876 3612 nobis.
908 3547 961 3610 sic
978 3547 1147 3611 Antonius
1163 3547 1260 3611 Marii
1277 3554 1312 3611 et

153 3649 328 3727 Marullus,
351 3649 414 3711 hoe
431 3654 483 3712 661
499 3654 557 3712 aut
571 3648 660 3713 virili
676 3655 734 3713 aut
749 3648 914 3713 muliebri.
946 3672 978 3712 v.
997 3653 1096 3714 19976
1121 3660 1152 3715 61
1167 3657 1314 3716 muliebre

153 3761 245 3821 oritur
253 3750 365 3834 patrio
375 3751 534 3814 desemine
542 3759 683 3816 saeelum.
699 3774 731 3815 v.
745 3755 843 3816 19996
861 3777 979 3837 semper
989 3759 1069 3817 enim
1079 3765 1184 3837 partus
1194 3753 1313 3835 61661161

153 3853 311 3920 desemine
320 3863 448 3918 constat.
473 3853 514 3932 V,
528 3856 605 3918 9796
624 3861 699 3918 haut
709 3861 804 3937 igitur
815 3863 911 3918 cessat
921 3861 1007 3938 gigni
1022 3856 1059 3917 de
1073 3855 1171 3919 66166.
1195 3879 1226 3918 v.
1237 3858 1311 3920 440:

152 3965 197 4024 666
213 3982 298 4024 nova
312 3964 478 4040 tempestas
494 3963 812 4042 quaedammolesque
836 3967 942 4022 coorta
958 3983 1046 4022 omne
1066 3984 1161 4039 genus
1177 3960 1214 4021 616
1225 3958 1314 4040 66166-

151 4062 251 4144 ruiis.
283 4058 339 4122 Sie
354 4058 492 4123 Laehm.
509 4082 568 4144 pro
584 4059 903 4142 666196666666166.
936 4060 997 4139 VI,
1017 4062 1096 4124 9966
1119 4083 1176 4144 qao
1192 4062 1229 4124 616
1244 4083 1313 4124 666-

150 4185 236 4229 6666661
252 4169 393 4248 sequitur
407 4167 506 4245 gravis
521 4168 618 4227 imber
632 4173 664 4228 et
679 4169 763 4228 uber.

233 4265 269 4350 d)
293 4263 335 4328 de
350 4271 511 4350 tempore.
542 4264 591 4344 II,
610 4269 688 4330 9656
707 4271 744 4329 de
759 4271 871 4345 subito,
887 4265 969 4330 item
984 4264 1052 4345 III,
1072 4269 1146 4331 643.
1171 4264 1214 4344 V,
1233 4268 1311 4329 6516

151 4370 183 4434 de
198 4371 292 4451 16666
307 4389 398 4431 curae
413 4373 460 4433 sol
474 4373 584 4434 ultima
599 4375 674 4436 caeli
689 4374 822 4453 impulit.
