2874 4934
142 335 183 398 66
547 353 719 399 9111111911.
753 355 825 398 our.
843 354 896 398 m.

139 521 280 584 eoelum?
313 520 375 599 IV,
400 525 476 587 588:
502 528 630 586 calamos
655 529 802 605 percurris
826 529 948 586 hiantis.
983 523 1027 600 V,
1050 527 1132 588 1221
1157 547 1301 604 meyerum

132 629 321 703 percurreret
344 650 498 688 murmura
522 625 649 687 coelura.
687 625 748 701 VI,
767 628 828 689 287
846 649 913 708 sq.:
937 626 1036 687 ellare
1055 651 1212 690 murmure
1224 648 1301 707 per-

139 731 267 787 eurrant
291 727 419 788 eoelum.
456 727 517 802 IV,
546 729 628 789 1196
652 728 785 807 apetium
809 728 969 789 decurrere
992 735 1110 794 amoris.
1147 728 1209 806 lv,
1237 731 1299 791 666

140 828 246 888 caulae
262 827 380 889 intrare
396 834 498 911 palati.
524 828 585 905 IV,
600 831 697 894 1157:
714 839 806 911 atque
822 830 901 891 adeor
916 835 969 893 alii
983 830 1120 892 9111617996
1136 838 1299 894 Venerem·

139 955 198 1011 que
214 936 343 992 suadent
358 940 393 992 ut
409 936 539 1012 placent.
571 931 599 1007 Ι,
618 934 674 996 ll:
699 943 730 994 et
745 930 870 1011 rapidae
886 937 1014 992 tranent
1029 931 1139 993 amede.
1171 931 1201 1009 I,
1219 935 1298 998 406:

140 1056 208 1093 cum
223 1037 316 1094 semel
330 1032 511 1093 destiterunt
527 1033 655 1111 eerdipda
673 1039 756 1094 certe
771 1039 840 1096 viai.
872 1033 920 1110 ll,
939 1035 1040 1100 1123:
1054 1035 1173 1113 ,eredere
1189 1041 1298 1097 aetatis

138 1133 282 1195 scandere
298 1139 430 1197 adultae.
453 1134 520 1211 ΙΙΙ,
539 1138 595 1199 661
616 1140 828 1198 transcendere
847 1141 920 1198 fines
935 1141 1018 1198 iuris.
1042 1135 1082 1212 V,
1100 1137 1297 1201 160119191-

138 1241 216 1298 feros
237 1274 268 1282 -
289 1240 448 1298 escendere
464 1261 576 1299 currus.
608 1237 668 1314 VI,
686 1238 726 1300 47
743 1259 809 1320 sq.:
832 1222 1030 1300 conscendere
1051 1262 1172 1301 currum
1192 1249 1297 1302 vento-

138 1364 213 1400 sum.
244 1336 273 1415 I,
292 1341 368 1403 101:
390 1343 509 1400 tentare
529 1345 636 1420 religio
656 1328 759 1421 potuit
778 1341 907 1402 euadere
928 1346 1085 1402 malorum.
1117 1339 1179 1417 VI,
1199 1343 1297 1406 1282:

114 1440 295 1521 uultuque
319 1466 364 1503 res
389 1446 508 1503 subitae
532 1449 563 1504 et
587 1453 748 1524 paupertas
772 1447 895 1505 horrida
913 1442 1023 1503 999966.
1055 1441 1088 1518 Ι,
1102 1444 1180 1508 858:
1203 1448 1296 1505 beator

138 1562 187 1602 ree
202 1553 273 1605 ante
283 1543 444 1621 prolalae.
476 1543 504 1619 l,
523 1546 621 1608 1044:
633 1549 812 1625 partaeque
828 1544 951 1606 morere.
984 1543 1032 1620 II,
1051 1545 1126 1606 236.
1147 1544 1177 1620 Ι,
1198 1546 1298 1612 16671

138 1644 236 1705 reorte'e
249 1643 366 1724 peridis
388 1645 508 1724 operere
529 1651 645 1709 diebus.
675 1644 724 1722 ΙΙ,
743 1633 804 1708 262
825 1652 878 1727 qui
898 1644 1019 1707 varient
1040 1651 1147 1707 metue.
1181 1669 1212 1708 v.
1233 1648 1297 1710 439

138 1745 331 1830 conseruerunt
351 1752 433 1809 inter
453 1772 484 1809 se
504 1754 622 1810 concita
643 1768 772 1809 cererem.
804 1746 852 1824 ΙΙ,
872 1749 950 1814 tlt:
971 1774 1051 1830 quae
1063 1773 1161 1830 neque
1177 1755 1296 1811 conecti

138 1872 290 1930 quoquam
311 1858 436 1930 potuere
456 1874 554 1931 neque
574 1855 657 1912 intus
678 1849 785 1910 eulalie
805 1855 902 1910 metue
923 1849 1092 1912 consentire
1113 1862 1206 1932 atque
1228 1850 1296 1911 irrei-

138 1951 211 2012 bara‘.
243 1950 398 2017 boehm:
418 1952 622 2028 „consentire
646 1951 707 2012 hoc
730 1957 782 2013 est
802 1973 867 2014 una
882 1951 1016 2029 sentire,
1038 1952 1091 2015 hic
1109 1973 1296 2015 9911199911-

138 2052 243 2115 sativo
265 2052 476 2117 coniunctum
498 2073 569 2115 esse
589 2073 629 2116 ex
656 2074 693 2114 eo
709 2060 846 2137 apparet
861 2053 948 2134 quod
965 2053 1105 2117 edicitur
1120 2054 1295 2138 9691996197-

138 2156 211 2216 lerr'.
237 2155 349 2236 itaque
373 2155 458 2216 intres
480 2155 515 2217 in
540 2154 730 2238 corporibus
757 2155 909 2219 animatis
934 2178 972 2220 ea
993 2157 1187 2240 corpuscula
1212 2178 1295 2238 quae

138 2256 284 2319 eiusdem
304 2256 436 2338 generis
456 2262 550 2333 sunt,
574 2278 649 2319 cum
669 2257 864 2341 corporibus,
880 2257 1047 2321 insinuata
1066 2268 1160 2336 sunt,
1183 2259 1294 2320 virales

137 2365 234 2421 enolae
256 2366 438 2421 ceterorum
461 2364 495 2420 et
516 2381 581 2421 una
603 2358 752 2421 sentiunt
772 2359 840 2422 sive
863 2360 1068 2434 consentirent,
1090 2362 1167 2427 κατὰ
1185 2360 1294 2444 συμπά-

137 2474 232 2537 θειαν,
254 2467 288 2523 96
308 2460 484 2537 imitentur,
511 2462 574 2522 hoc
600 2470 651 2522 est
673 2461 805 2524 eosdem
825 2468 935 2524 motus
956 2468 1130 2525 moventur
1151 2482 1295 2544 suosque

139 2563 369 2627 consociant.“
419 2564 491 2645 Ego
527 2572 639 2627 tamen
673 2563 899 2626 accusativum
935 2584 978 2633 ex,
1009 2564 1128 2626 emeleri
1161 2569 1295 2626 tantum

138 2674 253 2748 aptum
273 2687 343 2728 esso
365 2673 458 2749 puto,
479 2666 527 2728 ita
542 2673 581 2728 ut
596 2666 765 2728 consentire
780 2665 824 2728 sit
843 2667 889 2732 bed
903 2671 997 2748 μέσον.
1027 2666 1075 2744 ΙΙ,
1099 2669 1196 2732 1094:
1218 2691 1295 2748 qnae

132 2768 291 2848 placidum
307 2768 420 2847 defferet
435 2790 536 2830 aevom
551 2769 705 2850 vitemque
720 2789 865 2830 cererem.
894 2767 936 2831 cf.
955 2768 1004 2846 II,
1022 2772 1074 2832 16.
1092 2768 1133 2846 V,
1147 2769 1208 2832 172
1225 2794 1293 2831 cum

138 2877 262 2953 pulchre
293 2871 411 2950 defferet
441 2893 553 2938 aevom.
592 2870 660 2948 III,
692 2872 770 2935 5092
800 2878 931 2933 aetatem
960 2876 1077 2952 degere.
1118 2871 1178 2948 IV,
1211 2873 1294 2934 1122

138 2979 260 3054 degitur
274 2984 366 3037 aetas.
386 2972 449 3050 IV,
464 2975 547 3036 1282
564 2979 673 3054 degere
688 2978 792 3036 vitam.
815 2971 876 3049 IV,
888 2975 964 3038 968:
981 2979 1294 3036 nautae-cerebraelrem

138 3101 205 3138 cum
225 3081 324 3139 ventis
345 3075 450 3156 clepere
471 3076 591 3139 bedleem.
623 3076 778 3140 boehm:
802 3074 948 3151 „vellem
970 3075 1033 3136 boc
1052 3082 1121 3137 tam
1144 3081 1296 3158 apertum

139 3184 227 3241 esset
247 3200 344 3260 quarn
367 3176 471 3239 estin
492 3177 713 3260 superioribus
736 3178 782 3261 [v.
801 3176 878 3259 966]
902 3178 1182 3256 99999991969999,
1206 3176 1293 3260 quod

139 3281 179 3342 de
206 3279 410 3363 emptionum
434 3279 660 3342 venditionum
692 3278 822 3362 legibus
847 3277 1077 3361 accipiendum
1098 3300 1169 3341 esse
1193 3279 1296 3342 inter·

138 3388 248 3466 pretes
264 3403 328 3444 non
345 3379 500 3443 viderunt
516 3403 544 3444 9.
563 3404 602 3463 q..
613 3389 668 3443 s.“
692 3382 758 3460 ΙΙΙ,
777 3385 817 3445 12
834 3387 934 3445 omnia
952 3417 983 3428 -
1003 3386 1191 3464 depascimur
1207 3406 1297 3446 aurea

138 3491 230 3548 dicta.
261 3484 329 3560 ΙΙΙ,
346 3485 426 3549 432:
448 3489 530 3566 quod
551 3509 646 3565 genus
668 3495 723 3562 est,
745 3490 858 3548 somnis
878 3489 970 3566 sopiti
990 3488 1045 3546 nbi
1064 3489 1212 3546 cernimus
1234 3489 1296 3547 alte

139 3589 264 3650 eredere
284 3606 422 3666 uaporem
439 3591 546 3650 altaria
564 3593 701 3668 ferreque
717 3593 843 3649 furnum.
875 3585 927 3648 Sic
944 3585 1082 3648 Lachm.
1099 3606 1296 3668 prorepere,

139 3690 268 3754 dicens:
288 3687 348 3765 „in
369 3687 459 3750 libro.
475 3689 517 3766 V,
540 3692 600 3753 253
624 3695 676 3752 est
695 3695 799 3752 Pulvis
820 3695 940 3752 exhalet
959 3693 1112 3765 nebulam,
1132 3685 1213 3750 item
1232 3691 1296 3752 463

138 3797 367 3856 llxalare'lacus
387 3795 538 3869 nebulam,
560 3790 623 3854 alia
644 3789 804 3853 similia.“
837 3790 898 3868 VI,
923 3793 1000 3856 221:
1022 3800 1171 3872 notaeque
1188 3792 1297 3870 praede

137 3894 275 3958 heleuter
304 3899 435 3975 sulpuris
466 3915 570 3956 eures.
612 3892 666 3956 Sic
690 3898 779 3955 recte
803 3892 966 3954 Marullus
992 3913 1130 3974 eumque
1157 3900 1294 3956 secutus

138 3998 274 4059 Lachm.
302 4017 360 4079 pro
381 3996 477 4058 eorde.
510 3997 572 4058 523
593 4005 733 4078 terraque
759 4021 826 4058 cum
846 4001 964 4058 fumans
986 4015 1115 4056 umorem
1135 4004 1202 4058 tota
1222 3995 1293 4057 red·

137 4100 235 4162 helel.
266 4097 334 4175 ΙΙΙ,
353 4101 450 4163 16681
467 4104 523 4161 1199
539 4118 570 4160 ee
585 4103 712 4180 quisque
727 4098 926 4182 modofepe‘d.
952 4098 994 4174 V,
1013 4099 1095 4159 1672
1110 4102 1236 4178 fugiunt
1255 4135 1289 4144 -

47 4193 53 4200 ’
139 4209 250 4285 plagas.
276 4199 342 4278 ΙΙΙ,
361 4203 421 4263 756
438 4222 486 4281 sq.
504 4207 651 4281 effugeret
671 4238 701 4246 --
722 4206 884 4263 incursum.
909 4199 969 4276 IV,
982 4201 1043 4262 822
1060 4222 1109 4281 sq.
1126 4206 1235 4264 vitium
1256 4238 1288 4246 -

38 4361 40 4367 .
139 4312 277 4388 effugere.
317 4303 358 4379 V,
387 4307 446 4367 156
476 4329 619 4366 manuum
649 4310 763 4366 tectum
785 4302 912 4387 euffreye'l
937 4311 969 4365 et
992 4302 1095 4364 deluere.
1136 4301 1203 4378 III,
1231 4306 1294 4366 672
