2874 4934
144 387 203 450 156
430 403 471 448 uu·
494 401 801 450 aauucmuoureos.
835 404 907 450 515.
925 403 993 449 ruv.

141 584 256 658 po'e'tae.
288 598 318 637 v.
338 578 355 639 7
359 579 415 638 595
437 581 574 639 manibus
596 581 630 637 ab
650 583 675 640 si
694 583 729 639 fit
744 582 820 640 divis
836 581 977 641 mactatu’
993 583 1127 658 repente.
1156 597 1190 637 v.
1209 575 1281 638 765:

140 683 261 751 naribus
276 683 452 761 alipedesut
467 684 546 741 cervi
561 703 648 761 saepe
664 688 810 762 putantur
825 682 932 741 ducere
951 685 1032 740 cett.
1049 700 1080 739 u.
1094 680 1174 741 925:
1193 683 1284 758 trigue

140 786 174 841 51
189 806 207 843 5
220 786 327 844 fluviis.
350 781 502 857 Ι1Ῑ,402;
520 787 569 844 vix
584 788 619 844 51
633 788 693 846 iam
708 787 826 845 credere
842 786 966 863 possint.
989 783 1131 844 ν.1276;
1150 789 1184 844 et
1199 785 1284 844 simul

140 888 205 966 ipsa
228 888 298 946 viris
323 891 423 948 Venus
447 891 482 945 ut
506 891 680 949 concinnior
703 896 789 948 esset.
819 884 861 960 V,
880 885 957 946 572:
984 889 1027 946 nil
1047 889 1122 948 adeo
1142 888 1178 945 51
1194 889 1284 966 possis

140 990 208 1068 plus
224 995 277 1049 aut
292 992 390 1051 minus
406 993 524 1051 addere.
549 1011 581 1050 v.
598 990 674 1050 601:
693 1012 727 1049 ex
742 1012 803 1050 uno
819 991 916 1068 capite
931 992 980 1049 hic
995 991 1030 1047 51
1044 992 1176 1070 profluat
1191 990 1283 1049 ardor.

140 1111 171 1150 v.
196 1091 273 1152 904:
300 1095 352 1171 qui
374 1096 438 1154 fieri
461 1097 576 1173 potuit,
606 1095 719 1172 triplici
748 1113 816 1151 cum
846 1114 967 1172 corpore
990 1095 1024 1151 51
1047 1113 1108 1152 555
1133 1125 1165 1135 -
1192 1094 1283 1151 flaret.

140 1214 171 1253 v.
189 1194 266 1255 914:
289 1202 372 1255 trans
392 1199 485 1256 maria
504 1199 567 1257 alta
587 1198 696 1276 pedum
718 1197 800 1255 nisus
820 1198 855 1254 51
874 1217 984 1275 ponere
1000 1203 1109 1275 posset.
1138 1213 1172 1253 v.
1192 1193 1282 1254 1266.

140 1293 200 1369 VI,
223 1296 299 1356 251:
322 1301 456 1378 undique
476 1295 523 1358 oti
541 1301 679 1360 tenebras
701 1301 796 1358 omnis
816 1301 991 1358 Acherunta
1013 1319 1130 1358 reamur
1154 1299 1284 1376 liquisse.

141 1419 172 1458 v.
190 1398 266 1459 267ι
288 1403 412 1461 flumina
432 1404 584 1462 abundare
603 1404 638 1460 57
659 1405 799 1461 facerent.
830 1419 861 1459 v.
880 1401 958 1461 286:
982 1403 1145 1480 exprimere
1163 1403 1198 1458 51
1213 1401 1285 1459 caeli

140 1503 299 1563 videantur
319 1507 433 1583 templa
451 1527 587 1584 superne.
618 1524 649 1563 v.
669 1503 746 1563 291:
770 1507 865 1564 omnis
885 1501 933 1568 ata'
953 1505 1091 1564 videatur
1111 1506 1143 1563 in
1159 1505 1285 1563 imbrem

139 1607 250 1665 vertier
264 1608 375 1666 aether.
402 1626 433 1666 v.
450 1607 528 1667 403:
547 1629 639 1688 prope
655 1609 689 1666 ut
704 1608 773 1667 hinc
788 1608 843 1668 teli
858 1609 1040 1667 determinet
1057 1608 1144 1666 ictus.
1169 1604 1283 1665 56391

139 1728 192 1788 per
207 1711 305 1769 lauces
321 1711 432 1769 montis
447 1712 482 1768 51
497 1714 613 1771 Aetnae
629 1713 764 1789 expirent
779 1713 873 1787 ignes.
904 1729 934 1767 v.
954 1708 1030 1769 784:
1052 1712 1158 1789 capitis
1174 1711 1286 1768 faciant

140 1811 174 1868 57
188 1832 275 1890 saepe
292 1813 418 1873 dolores.
449 1832 481 1873 v.
499 1812 576 1881 887:
594 1814 708 1873 calidus
723 1820 815 1893 queat
830 1815 864 1871 ut
878 1815 942 1873 fieri
956 1815 1032 1872 fons.
1062 1832 1094 1871 v.
1112 1810 1190 1871 907:
1212 1813 1285 1890 lapis

140 1915 189 1972 hic
204 1914 238 1972 51
253 1918 363 1975 ferrum
379 1919 487 1976 ducere
503 1918 606 1996 possit.
632 1935 661 1974 v.
680 1914 757 1975 978:
773 1918 986 1976 insatiabiliter
1000 1917 1060 1975 toti
1076 1917 1112 1972 51
1125 1916 1287 1974 volvantur

139 2017 261 2076 ibidem.
291 2018 440 2079 510641
463 2021 623 2099 impellant
643 2022 761 2080 515551
776 2022 934 2097 Magnesia
950 2021 1076 2079 fulmine
1095 2039 1173 2078 saxa.
1204 2013 1233 2090 I,
1250 2016 1284 2076 l:

140 2141 192 2198 per
211 2128 242 2180 te
263 2116 403 2200 quoniam
423 2143 518 2200 genus
539 2143 626 2182 omne
647 2125 835 2183 animantum
855 2124 1031 2200 concipitur.
1062 2140 1093 2179 v.
1116 2118 1191 2181 111.
1212 2119 1284 2178 265.

139 2221 213 2282 339.
239 2221 312 2283 345.
338 2222 411 2284 362.
438 2224 511 2284 569.
537 2226 610 2285 584.
642 2221 689 2299 11,
707 2224 780 2286 378.
808 2224 880 2285 790.
912 2220 972 2297 IV,
993 2223 1070 2283 498:
1096 2244 1192 2302 aequa
1214 2223 1286 2282 fides

139 2322 280 2405 quoniam
301 2328 424 2386 debebit
444 2349 560 2406 semper
580 2330 692 2387 haberi.
728 2348 759 2387 v.
784 2327 862 2388 933:
886 2329 973 2388 acriis
993 2322 1133 2405 quoniam
1153 2328 1286 2386 vicinum

139 2432 276 2507 tangitur
285 2432 373 2489 auris.
393 2430 536 2491 512441
554 2433 679 2490 crassius
695 2433 741 2491 his
757 2453 844 2510 porro
860 2427 1000 2511 quoniam
1014 2431 1181 2489 concretius
1191 2450 1285 2507 aequo

139 2534 281 2592 mittitur.
307 2529 347 2606 V,
359 2531 433 2593 573.
452 2532 522 2593 796.
543 2532 641 2593 11311
659 2536 773 2594 invidia
786 2529 937 2613 quoniam,
955 2554 1009 2592 ceu
1019 2534 1155 2606 fulmine,
1171 2553 1287 2591 summa

140 2643 293 2714 vaporant.
331 2655 362 2694 v.
391 2635 484 2696 1363.
524 2633 585 2710 Vl,
611 2635 689 2696 377;
720 2639 845 2715 ancipiti
868 2631 1009 2715 quoniam
1032 2637 1112 2695 bello
1135 2636 1284 2694 turbatur.

138 2756 170 2796 v.
188 2737 266 2797 625:
290 2759 350 2798 una
365 2746 453 2800 nocte
468 2742 531 2799 vias
550 2735 691 2819 quoniam
706 2761 846 2818 persaepe
862 2740 997 2799 videmus
1012 2740 1125 2798 siccari.
1156 2757 1187 2796 v.
1205 2737 1284 2798 932:

139 2848 283 2920 perpetuo
307 2837 447 2921 quoniam
471 2845 616 2902 sentimus
640 2851 671 2902 et
695 2845 795 2902 omnia
818 2863 943 2920 semper.
977 2837 1156 2918 Nunquam
1174 2843 1286 2899 tamen

138 2947 214 3023 post
238 2940 373 3027 verbum
397 2939 530 3024 ponitur
552 2942 703 3026 quoniam.
739 2941 856 3023 ltaque
876 2940 938 3018 IV,
957 2943 1018 3004 752
1042 2946 1132 3002 recte
1156 2938 1287 3022 scripsit

139 3041 318 3105 Lambinus
343 3069 422 3107 nunc
446 3050 540 3126 igitur
563 3044 704 3128 quereiam
728 3044 816 3106 55551
840 3064 897 3127 pro
919 3043 1008 3106 dcccl
1023 3042 1177 3126 quoniam,
1201 3049 1240 3103 ut
1254 3041 1287 3103 in

139 3145 205 3223 ΙΙΙ,
218 3149 278 3209 203
294 3153 325 3210 N
326 3172 384 3210 unc
398 3153 494 3229 igitur
509 3153 680 3229 quoniamst
694 3153 786 3211 animi
801 3156 909 3209 natura
923 3157 1050 3228 reperta.
1066 3183 1096 3192 -
1117 3143 1284 3222 IV‚1404:

139 3255 239 3312 omnia
254 3251 333 3332 quod
347 3260 504 3313 novatum
520 3256 615 3331 magis
624 3257 697 3313 haec
707 3260 738 3313 et
747 3256 822 3313 mira
830 3255 983 3331 vigebant.
1005 3245 1067 3323 VI,
1079 3249 1156 3310 206:
1175 3254 1287 3310 semine

139 3352 218 3434 qaod
232 3358 326 3416 nubes
341 3358 419 3435 ipsas
435 3358 586 3435 permulta
600 3365 752 3416 necessust
766 3358 845 3434 ignis
860 3357 979 3414 habere.
1008 3372 1040 3411 v.
1058 3353 1120 3412 325
1132 3373 1145 3410 :·
1157 3355 1287 3412 nubibus

139 3460 203 3536 ipsa
223 3455 301 3537 qaod
320 3461 441 3518 omuino
463 3460 544 3537 prius
560 3461 654 3519 incita
668 3481 699 3520 se
714 3461 759 3520 vis
774 3461 901 3536 colligit.
932 3477 964 3515 v.
984 3455 1061 3517 742:
1079 3478 1095 3516 e
1112 3458 1236 3534 regione
1255 3477 1289 3515 ea

138 3557 218 3640 qaod
236 3562 301 3620 loca
322 3579 387 3619 cum
401 3583 508 3622 venere
524 3564 670 3636 volantes,
690 3595 721 3604 -
741 3564 912 3622 remittunt.
942 3579 973 3620 v.
992 3559 1069 3620 861:
1092 3567 1173 3619 terra
1192 3559 1289 3636 magis

138 3662 217 3743 quod
239 3685 305 3723 rara
328 3672 413 3744 tepet
437 3668 501 3739 etp.
528 3664 778 3733 5119511655
801 3661 977 3724 cadaueris
997 3667 1099 3740 terget
1120 3683 1211 3722 sonus
1225 3663 1287 3721 ille.

138 3763 181 3842 V,
200 3765 298 3827 1357:
320 3770 468 3845 agricolae
488 3765 581 3826 dcccc
601 3771 676 3828 vitio
696 3774 813 3828 vertere
833 3768 936 3827 severi.
967 3762 1027 3839 VI,
1050 3765 1126 3825 12οι
1151 3767 1289 3824 exierunt

139 3867 411 3949 donceregiouibus
422 3874 503 3932 artis.
528 3869 649 3931 v.160:
667 3872 773 3948 Fulgit
791 3872 874 3943 item,
890 3872 984 3929 nubes
999 3871 1079 3946 ignis
1094 3886 1160 3926 5551
1175 3871 1289 3927 semina

16 3973 19 3978 ’
138 3976 235 4034 multa
250 3995 412 4036 excussere.
443 3994 473 4034 v.
493 3973 569 4034 279:
587 3976 651 4053 ipse
667 3995 720 4034 sua
735 3991 800 4031 cum
815 3969 985 4032 mobilitate
1001 3973 1132 4030 calescit.
1163 3989 1195 4028 v.
1208 3970 1285 4030 294ε

138 4080 257 4138 ardenti
280 4081 396 4138 sonitus
412 4098 477 4138 cam
492 4079 630 4158 provolat
643 4079 718 4137 ictu.
749 4095 781 4134 v.
798 4075 876 4136 314:
899 4076 1030 4154 lapidem
1049 4076 1127 4134 ferro
1143 4092 1209 4132 cam
1224 4095 1287 4133 cae·

139 4183 246 4242 dimus.
267 4200 298 4239 v.
315 4181 391 4242 644;
410 4184 525 4242 tumida
539 4199 605 4239 5555
621 4182 695 4240 55511
710 4181 875 4238 scintillare
890 4180 990 4238 omnia
1003 4178 1119 4255 templa
1132 4183 1287 4237 cernentes

144 4320 173 4326 --
196 4288 396 4364 complebant.
427 4284 575 4343 ν.1123;
601 4285 633 4342 15
657 4291 794 4342 nostrum
813 4300 876 4340 cum
901 4282 985 4339 venit
1008 4282 1137 4359 denique
1162 4283 1286 4341 caelum.

139 4406 171 4449 v.
189 4386 265 4450 161;
292 4410 346 4449 555
370 4390 501 4468 lapidem
524 4383 552 4446 ea'
576 4387 726 4466 percutiat
750 4386 835 4463 lapis.
865 4381 991 4442 5.167;
1013 4385 1135 4444 caedere
1156 4379 1288 4462 siquem
