2874 4934
540 380 614 437 uno,
639 378 758 438 00000.
1165 358 1225 419 169

68 554 129 615 999
145 572 195 632 sq.
214 576 274 614 non
296 588 328 596 —
348 575 412 613 nec.
438 549 498 627 VI,
515 552 556 612 40
573 574 632 612 non
655 586 684 593 —
707 559 771 611 nec.
797 548 919 610 v.107:
937 551 1099 628 nequirent
1119 583 1149 590 —
1171 570 1225 608 nec

68 651 134 736 (ubi
157 657 285 732 possent
313 671 355 712 ex
378 650 537 734 nequirent
564 647 599 712 in
623 648 728 710 altero
754 647 908 717 membro,
925 652 977 709 est
1002 645 1222 728 eliciendum).

66 777 98 818 0.
116 757 195 817 9990
213 759 293 836 ignis
309 758 390 816 enim
405 761 478 815 sunt
493 759 566 815 haec
582 772 642 813 000
658 758 742 814 venti
760 757 847 832 signa
861 770 956 834 aeque
971 755 1085 812 imbris.
1116 771 1147 811 0.
1162 751 1222 812 947

67 881 114 941 00.
131 863 220 921 nulla
238 894 270 903 -
290 880 355 920 nec.

150 961 186 1042 h)
208 959 273 1021 Nee
293 965 441 1042 atraeque
462 955 496 1019 in
516 956 735 1019 disiunctione
758 955 808 1018 bis
825 960 883 1018 aut
899 953 1027 1036 saepius
1043 959 1222 1036 ponuntur.

19 1110 23 1115 -
65 1061 95 1140 1,
110 1066 150 1126 41
169 1083 237 1143 sq.:
260 1085 331 1124 nam
350 1080 446 1144 00000
466 1085 521 1123 nos
543 1084 630 1141 agere
652 1066 709 1122 hoc
725 1065 833 1141 patriai
849 1069 985 1140 tempore
1000 1064 1105 1140 iniquo
1121 1082 1224 1139 possu-

66 1192 131 1229 mus
152 1189 248 1247 aequo
269 1170 369 1228 animo
391 1184 445 1225 000
464 1169 590 1226 Memmi
612 1168 691 1226 clara
711 1186 845 1244 propago
865 1167 977 1224 talibus
993 1167 1024 1223 in
1040 1166 1128 1223 rebus
1145 1183 1224 1221 com·

66 1275 150 1332 muni
166 1273 251 1330 desse
266 1271 368 1330 saluti.
400 1287 432 1327 v.
451 1267 508 1327 68:
533 1290 622 1346 quem
643 1285 738 1347 aeque
759 1271 829 1327 fana
850 1269 939 1327 deum
959 1284 1013 1324 000
1028 1267 1156 1325 fulmina
1170 1282 1225 1322 000

65 1375 222 1434 minitanti
242 1393 394 1431 murmure
415 1374 592 1450 compressit
612 1373 737 1430 caelum.
768 1369 895 1429 01990
919 1391 978 1448 quo
999 1387 1093 1448 aeque
1108 1389 1223 1448 perma-

64 1483 157 1536 neant
181 1477 298 1535 animae
322 1492 416 1554 oeque
441 1495 565 1553 corpora
588 1479 700 1533 nostra.
737 1491 767 1530 0.
791 1469 852 1532 307
876 1490 944 1549 sq.:
970 1492 1068 1551 neque
1097 1506 1128 1513 -
1158 1493 1222 1532 nec.

63 1597 94 1638 0.
114 1576 207 1638 598-
222 1576 298 1637 530:
317 1598 414 1656 neque
435 1611 465 1619 -
486 1597 592 1636 nec-
614 1596 678 1637 nec.
709 1595 741 1634 0.
760 1573 944 1635 639-5350
963 1593 1171 1655 aeque-aec
1187 1609 1218 1617 -

64 1699 118 1738 000
137 1713 168 1723 -
189 1697 244 1737 000
259 1701 364 1758 capere
380 1700 515 1738 umorem
530 1696 625 1758 00000
644 1681 718 1738 item
739 1681 889 1738 manabile
905 1681 1001 1757 frigus
1016 1696 1070 1736 000
1086 1684 1223 1757 penetra·

63 1786 123 1843 lem
146 1785 258 1860 ignem.
293 1800 324 1840 0.
350 1781 411 1843 613
436 1803 534 1861 neque
558 1817 599 1824 ψ
624 1803 731 1861 neque.
762 1777 810 1855 ΙΙ,
831 1781 871 1842 49
889 1799 978 1860 sqq.:
1005 1798 1059 1838 000
1081 1787 1224 1840 metuunt

63 1885 180 1944 sonitus
205 1862 355 1942 armorrim
379 1900 433 1941 000
457 1885 519 1942 fera
542 1885 618 1954 tela,
643 1885 842 1963 audacterque
932 1888 1104 1956 versantur,
1129 1899 1224 1962 acque

62 1987 211 2063 fulgorem
236 1990 412 2044 reverentur
436 1985 473 2042 ab
497 2005 569 2043 auro
593 2001 647 2042 000
670 1986 783 2043 clarum
808 1986 899 2043 vestis
923 1985 1113 2062 splendorem
1140 1984 1221 2040 cett.

62 2104 93 2145 0.
112 2085 173 2146 996
189 2107 288 2165 neque
308 2121 340 2128 —
360 2107 468 2164 neque,
484 2081 565 2144 item
581 2106 611 2145 0.
630 2085 693 2147 304
709 2104 757 2164 00.
777 2086 855 2145 6510
880 2104 933 2144 000
955 2088 1031 2146 bene
1051 2090 1221 2165 promeritis

63 2191 182 2268 capitur
201 2205 297 2268 oeque
318 2190 458 2265 tangitur
477 2191 529 2262 ira,
555 2207 586 2246 0.
605 2184 742 2248 Lachm.
765 2184 832 2262 III,
856 2189 894 2249 19
912 2207 1003 2267 000.;
1031 2211 1104 2268 quas
1128 2207 1222 2269 aeqrre

63 2294 243 2354 concutiunt
257 2293 343 2351 venti
358 2309 412 2349 000
428 2293 533 2352 nubila
548 2294 657 2351 nimbis
673 2298 941 2372 asperguntueque
951 2294 1002 2351 nix
1012 2295 1073 2352 acri
1083 2298 1223 2352 concreta

62 2397 170 2474 pruina
194 2415 268 2454 cana
292 2396 400 2454 cadens
424 2396 518 2454 violat
542 2412 716 2473 semperque
739 2396 895 2454 innubilus
919 2397 1023 2454 aether
1043 2397 1166 2473 integit,
1192 2401 1223 2455 et

62 2500 144 2576 large
164 2498 273 2556 diffuso
296 2498 410 2556 lumine
431 2487 541 2555 rident:
573 2515 604 2554 0.
626 2494 688 2555 467
712 2518 809 2575 neque
834 2530 864 2538 -
890 2517 954 2557 nec.
987 2516 1015 2556 0.
1036 2496 1163 2575 63100.
1191 2504 1223 2558 06

61 2616 156 2680 00000
176 2621 291 2659 sorsum
314 2601 394 2659 oculi
415 2616 509 2679 00000
525 2620 610 2657 nares
626 2616 680 2656 000
695 2602 882 2678 manusipsa
897 2621 960 2660 esse
976 2605 1079 2678 potest
1094 2602 1220 2674 animae,

61 2719 156 2782 aeque
177 2723 292 2761 sorsum
314 2704 420 2780 lingua
440 2718 535 2781 00000
554 2723 648 2761 aures.
680 2720 711 2760 v.
731 2700 791 2761 686
809 2720 858 2780 00.
879 2724 977 2781 neque
1002 2738 1034 2746 -
1055 2724 1119 2775 nec,
1140 2698 1221 2762 item

61 2823 92 2863 v.
119 2803 300 2863 688-695.
340 2799 403 2877 IV,
431 2801 528 2862 1217:
562 2811 593 2863 et
620 2820 714 2884 acque
737 2811 839 2864 utrum
864 2782 1017 2883 superstit
1041 2827 1143 2866 eorum
1167 2822 1222 2864 000

61 2913 274 2987 superatumst.
306 2903 348 2980 V,
365 2905 405 2966 36
428 2929 524 2986 neque
551 2941 581 2949 -
608 2928 672 2967 nec.
704 2926 735 2965 0.
753 2906 818 2967 419
834 2909 867 2965 06
882 2907 961 2967 4910
985 2929 1082 2987 neque
1103 2942 1133 2950 -
1154 2929 1219 2968 nec.

60 3028 91 3068 0.
109 3008 173 3070 439
185 3027 273 3088 sqq.:
291 3011 353 3068 Hic
368 3026 462 3089 00000
477 3015 544 3068 tum
560 3012 632 3068 solis
648 3015 715 3069 rota
730 3013 811 3069 cerni
828 3012 942 3070 lumine
958 3013 1043 3088 largo
1059 3013 1220 3071 altivolans

60 3118 182 3191 poterat
200 3129 255 3170 000
275 3115 379 3189 magni
398 3114 497 3172 sidera
516 3114 623 3171 mundi
644 3129 698 3170 000
719 3134 801 3172 mare
816 3130 870 3170 000
886 3115 1001 3172 caelum
1018 3131 1072 3171 000
1088 3114 1219 3192 denique

60 3220 142 3274 terra
155 3232 251 3294 aeque
268 3219 319 3273 aiir
334 3231 388 3272 000
403 3216 510 3273 similis
526 3217 637 3274 nostris
652 3217 742 3274 rebus
757 3237 803 3275 000
819 3218 883 3275 ulla
897 3217 1002 3276 videri.
1034 3235 1065 3274 0.
1083 3214 1147 3276 473
1167 3235 1216 3294 sq.

60 3338 158 3396 neque
179 3348 210 3358 -
231 3337 295 3390 nec,
311 3312 393 3375 item
408 3335 440 3374 0.
457 3314 520 3376 474
535 3334 583 3394 sq.
601 3315 663 3376 493
676 3335 725 3395 00.
744 3317 803 3378 793
822 3337 871 3397 00.
889 3319 951 3378 813
968 3338 1036 3398 sq.:
1054 3325 1086 3380 at
1101 3321 1219 3379 novitas

60 3420 167 3479 mundi
186 3436 240 3477 000
262 3421 375 3498 frigora
390 3420 465 3477 dura
480 3421 579 3479 ciebat
594 3438 649 3478 000
664 3423 772 3480 nimios
788 3428 888 3482 aestus
904 3440 957 3481 000
973 3427 1089 3502 magnis
1105 3425 1219 3483 viribus

60 3543 155 3581 auras.
187 3540 217 3579 0.
237 3520 297 3582 843
315 3539 364 3599 00.
388 3542 443 3581 nec
467 3556 500 3565 -
524 3543 579 3581 nec
605 3556 635 3564 -
662 3545 718 3583 nec
743 3557 773 3565 -
798 3547 863 3585 nec.
895 3545 925 3584 v.
943 3525 1003 3587 871
1025 3549 1080 3587 nec
1101 3561 1133 3570 -
1152 3547 1217 3587 nec.

59 3643 91 3683 v.
109 3622 172 3684 878
194 3645 292 3703 neque
314 3659 354 3667 -
375 3646 439 3684 nec.
474 3644 504 3683 0.
524 3624 585 3684 895
603 3644 674 3704 sqq.
697 3648 794 3707 neque
814 3662 845 3670 —
866 3651 922 3688 nec
942 3665 972 3673 —
994 3651 1091 3710 neque
1107 3663 1147 3672 -
1163 3650 1219 3688 nee

64 3761 96 3771 -
124 3747 180 3787 nec
209 3761 241 3770 -
269 3748 376 3805 neque.
407 3745 439 3785 0.
458 3726 530 3787 953.
553 3727 614 3788 958
632 3748 680 3807 sq.
703 3729 785 3790 1990
810 3749 864 3790 000
888 3735 1005 3793 laedere
1029 3750 1083 3791 000
1102 3733 1216 3791 0101001.

60 3825 123 3904 VI,
142 3827 202 3890 798
219 3848 291 3908 sqq.
309 3851 378 3889 nam
394 3847 488 3910 raeque
504 3852 572 3890 eum
591 3835 669 3892 ferro
685 3850 739 3890 000
754 3835 865 3911 frigore
881 3837 999 3895 vincere
1015 3838 1109 3914 possis
1125 3838 1217 3895 inter·

59 3935 128 3991 iisse
143 3950 239 4013 aeque
254 3953 271 3991 a
285 3934 391 3992 morbo
407 3950 501 4014 aeque
515 3937 592 3995 forte
602 3956 727 3995 veneno
754 3930 807 3994 Sic
818 3931 898 3994 Itali
907 3955 965 4016 pro
982 3957 1051 3996 0000
1067 3956 1123 4017 que
1139 3956 1214 3998 0000.

57 4033 186 4095 01919
203 4053 269 4114 sq.:
287 4053 342 4093 000
358 4037 457 4094 10000
474 4039 596 4096 omnino
613 4043 725 4098 temere
740 4041 801 4098 illis
816 4041 930 4099 solibus
946 4042 1009 4099 ulla
1025 4044 1217 4121 comparebat

58 4139 131 4210 avis,
148 4155 201 4195 000
217 4140 317 4197 tristia
331 4141 428 4198 saecla
443 4141 573 4198 ferarum
587 4142 727 4201 excibant
737 4143 829 4203 silvis.
855 4137 908 4201 Sic
918 4138 1099 4204 Brixiensis
1111 4140 1217 4206 editor

58 4258 116 4320 pro
134 4237 333 4300 rectractaret
356 4284 362 4299 .

145 4343 176 4402 9.
206 4339 439 4404 0000000100οθ0
454 4341 657 4423 copulativae.
