2874 4934
507 377 780 427 Pusnrosrrrouus
804 380 872 426 eun
895 378 968 425 ssu.
1273 361 1313 426 63

156 554 257 613 ardor.
278 570 310 611 v.
324 550 403 613 637:
422 555 559 613 emundi
574 549 756 612 transversis
765 549 910 630 partibor
924 587 955 595 —
962 551 1073 634 fluere.
1095 548 1160 623 VI,
1172 552 1234 613 312
1245 572 1313 633 sq.t

156 653 311 736 confluere
331 674 367 714 er
386 652 452 734 ipro
472 662 600 736 possunt
620 657 770 715 elemenla
790 656 917 734 vaporis,
940 661 972 715 el
991 657 1081 716 simul
1102 652 1216 737 er'illa
1240 677 1316 736 quae

154 763 224 818 tum
234 779 281 819 res
291 761 403 838 excipit
416 761 530 818 icium
545 757 690 817 v.1002:
708 760 799 817 fluere
810 779 844 817 ex
854 759 954 836 lepide
963 761 1031 818 hoc.
1047 754 1109 831 IV,
1123 757 1199 817 215:
1216 761 1317 836 imago

154 863 289 920 aetheris
306 879 342 919 er
363 857 424 920 cris
438 863 471 921 in
485 867 634 920 terrarum
649 856 772 918 accidat
788 881 862 919 oras.
893 856 935 934 V,
954 858 1030 919 609:
1049 856 1186 919 accidere
1202 878 1238 918 ec
1253 878 1316 919 cua

153 958 298 1021 uelutillut
321 965 470 1024 incendia.
509 959 573 1037 IV,
600 960 677 1022 273:
703 964 801 1021 multa
825 965 957 1040 facitque
981 964 1053 1021 foris
1077 979 1113 1020 ec
1133 959 1260 1021 aedibus
1280 967 1316 1022 ut

152 1066 326 1125 videantur.
342 1064 446 1125 v.312
456 1061 612 1124 elecebrr'a
622 1099 654 1108 —
666 1086 741 1143 quae
751 1066 864 1124 suntin
874 1065 1079 1124 luceluemur.
1095 1082 1127 1122 v.
1137 1062 1199 1124 348
1212 1067 1313 1125 eluce.

152 1185 188 1226 v.
206 1165 286 1228 374:
310 1165 461 1245 eracleae
476 1165 579 1227 cedem
594 1190 649 1228 nos
664 1188 759 1246 usquc
774 1170 885 1225 secuta.
917 1161 979 1240 VI,
997 1166 1073 1226 344:
1096 1187 1166 1226 nam
1186 1170 1260 1226 facit
1280 1172 1316 1227 ul

152 1289 234 1347 quae
258 1271 321 1350 sinu
344 1271 427 1330 illius
451 1272 573 1330 seminis
598 1291 726 1349 cumque
751 1286 767 1328 e
790 1264 911 1344 reqione
935 1270 1035 1328 locum
1059 1271 1144 1348 quasi
1167 1271 1200 1328 in
1220 1292 1315 1330 unum

152 1378 266 1432 cuncta
281 1374 425 1433 ferantur.
442 1392 475 1432 v.
489 1370 565 1433 742:
584 1369 735 1449 ereqr'crce
751 1393 785 1432 ea
800 1372 882 1451 quod
897 1372 963 1430 loca
978 1392 1046 1429 cum
1060 1393 1168 1431 venere
1177 1374 1314 1433 volantes

152 1476 238 1533 cett.
262 1492 295 1535 v.
314 1470 801 1552 8232uscadatere9lone100i.
831 1492 863 1532 v.
882 1471 959 1532 833:
987 1475 1070 1533 cuius
1089 1474 1174 1533 ubic
1194 1471 1315 1552 reqicre

152 1579 214 1637 lcci
228 1599 347 1638 venere.
367 1574 429 1652 IV,
442 1571 521 1637 536:
539 1579 680 1637 detrahas
695 1594 731 1635 er
745 1611 776 1619 —
791 1573 893 1634 cervia
908 1597 942 1635 ac
956 1571 1073 1634 rr'rr'bca
1088 1572 1174 1653 12813.
1192 1595 1224 1636 v.
1238 1577 1310 1637 545:

153 1675 246 1738 tortio
269 1676 459 1738 convallibus
483 1697 519 1739 er
541 1681 700 1740 Heliconis
726 1712 758 1722 -
785 1679 901 1738 tollunt
925 1711 958 1721 -
978 1680 1152 1756 querellam.
1183 1698 1214 1738 v.
1234 1676 1310 1739 720:

151 1784 251 1842 exieus
270 1799 306 1840 ex
322 1778 418 1840 oculis
434 1784 512 1842 liber
527 1785 624 1843 (ntur.
650 1801 681 1841 v.
700 1781 777 1840 928:
796 1783 911 1858 exigui
927 1801 1014 1841 cacco
1031 1802 1219 1859 consurgere.
1248 1777 1310 1855 VI,

149 1882 229 1944 474:
248 1901 264 1942 e
279 1881 360 1943 caluo
376 1902 554 1961 conseruere
568 1880 695 1944 merciae
710 1886 806 1962 ponti.
823 1902 854 1942 v.
867 1879 945 1942 476:
955 1879 1066 1963 fluviis
1079 1901 1116 1941 er
1126 1880 1311 1942 omuibus-—

151 2004 274 2064 currere
303 2020 335 2029 -
364 1989 489 2047 nebulas
518 2020 550 2030 -
585 1987 731 2046 videmus.
770 1982 832 2059 VI,
858 1984 921 2044 499
951 1987 1061 2067 multa,
1076 1987 1166 2045 simul
1193 1988 1311 2046 vincam
1400 2020 1403 2025 *

151 2106 330 2165 coaacrycre
349 2090 481 2149 nubibus
500 2091 573 2168 ipsis
594 2085 729 2147 omnibus
750 2105 785 2146 er
806 2083 905 2145 rebus.
936 2105 968 2145 v.
989 2084 1067 2146 788:
1091 2090 1216 2163 scilieel‚
1236 2092 1311 2149 haec

149 2192 217 2251 ideo
238 2187 331 2249 terris
353 2208 388 2248 cr
410 2193 511 2250 omnia
525 2193 664 2268 curquul.
697 2186 758 2266 IV,
777 2188 875 2249 1032:
894 2191 1080 2250 conveniunt
1100 2225 1131 2232 -
1152 2213 1168 2250 e
1186 2213 1309 2271 corpore

151 2294 290 2371 quodam.
329 2290 372 2366 V,
399 2293 476 2354 599:
507 2315 542 2355 ex
572 2295 653 2354 omni
682 2295 796 2352 mundo
825 2327 856 2336 -
886 2293 1079 2352 conveniunl.
1118 2289 1181 2367 IV,
1209 2293 1308 2355 1037:

152 2389 347 2454 Sclh'cc'tctur
362 2397 394 2454 id
410 2412 426 2453 e
440 2392 536 2454 uobis.
560 2391 615 2454 Sic
625 2390 763 2453 Lachm.
781 2412 839 2473 pro
854 2390 939 2452 nobis
953 2389 1007 2452 vel
1016 2389 1050 2452 r'u
1060 2391 1155 2455 robis.
1175 2393 1217 2470 V,
1229 2395 1307 2457 162:

153 2499 314 2558 solliciuure
338 2501 399 2558 suis
423 2533 466 2541 —
490 2519 525 2557 cx
550 2499 679 2558 sedibus.
719 2492 781 2571 IV,
808 2496 907 2556 1040:
939 2513 975 2554 er
1002 2492 1120 2555 homine
1144 2502 1310 2559 humanum

154 2619 252 2659 semen
263 2601 323 2659 ciet
332 2621 394 2660 una
402 2602 533 2660 hominis
542 2602 597 2659 vis.
613 2618 645 2658 v.
659 2598 756 2658 1094:
776 2616 811 2674 er
820 2601 951 2684 hominis
960 2596 1129 2681 verofacr'e
1137 2599 1309 2682 pulcroque

154 2699 247 2760 colore
270 2704 314 2761 nil
339 2704 429 2763 datur
451 2705 483 2762 in
509 2724 616 2781 corpus
638 2707 757 2781 praeter
776 2702 935 2761 simulacra
956 2704 1126 2764 fruendum.
1157 2724 1189 2763 v.
1207 2702 1306 2764 1210:

154 2799 272 2862 summac
295 2821 332 2862 ea·
354 2800 466 2863 cr'ra'bu'
490 2805 633 2865 tendunt.
664 2823 695 2864 v.
714 2802 798 2864 1249
823 2821 859 2862 er
883 2800 1017 2883 aliisque
1037 2808 1209 2886 succipiunt
1232 2809 1320 2867 aliae,

155 2908 267 2983 pondus
288 2910 393 2985 magis.
430 2903 472 2980 V,
491 2906 547 2966 ll:
575 2909 687 2986 quique
707 2928 761 2986 per
780 2912 876 2966 artem
889 2902 1039 2987 fluctibus
1062 2925 1077 2966 e
1097 2905 1194 2967 lautis
1212 2912 1308 2969 vitam

155 3005 305 3088 lautiaque
327 3004 458 3067 lecebric
477 3011 509 3069 in
529 3015 593 3068 lam
611 3011 778 3088 tranquillo
803 3041 834 3052 —
861 3009 981 3068 locavil.
1013 3029 1045 3070 v.
1064 3009 1119 3069 20:
1144 3005 1249 3091 (deus)
1272 3030 1308 3070 cc

155 3127 204 3188 quo
222 3113 412 3172 nuncetiam
427 3146 470 3154 —-
484 3113 675 3191 permulcens
689 3113 804 3171 animos
820 3111 938 3170 solacia.
969 3129 1001 3169 v.
1019 3111 1076 3171 49:
1095 3130 1131 3170 er
1146 3109 1306 3193 animoque

155 3215 307 3294 expuleriu.
330 3232 362 3273 v.
374 3212 454 3273 303:
473 3231 509 3272 erc
524 3211 588 3272 alic
604 3219 696 3293 atque
712 3209 776 3272 ola'c
794 3215 892 3273 lucem
906 3215 1018 3274 iactare
1027 3211 1162 3273 suborta.
1184 3234 1216 3274 v.
1229 3213 1303 3275 322:

152 3316 219 3376 elias
235 3326 274 3374 'cc
288 3333 320 3374 oe
334 3338 380 3376 res
396 3321 497 3393 angel.
518 3335 550 3375 v.
568 3313 646 3375 38l:
666 3318 766 3375 omnia
781 3316 928 3376 diluviare
944 3334 980 3374 cr
995 3313 1059 3375 alto
1071 3313 1193 3394 qurjr'te
1208 3321 1305 3398 ponti.

152 3431 178 3476 v.
190 3418 268 3478 566:
287 3415 539 3499 qrcr'bcseopatc'c'u
549 3439 677 3498 cumque
686 3420 772 3496 ignes
782 3420 897 3478 lumina
906 3423 1033 3498 possunt
1042 3421 1168 3480 adicere.
1186 3439 1217 3480 v.
1230 3421 1303 3482 615:

148 3516 298 3579 avariciae
307 3516 451 3596 parribus
465 3553 497 3564 -
510 3522 600 3580 adeat
613 3522 705 3580 flexus
716 3516 801 3600 (sol).
819 3539 852 3580 v.
865 3519 941 3580 663:
960 3518 1065 3581 Idaeis
1079 3557 1110 3565 —
1126 3542 1142 3581 e
1157 3521 1306 3584 montibus

146 3619 221 3682 allec
236 3656 280 3665 -
295 3625 374 3700 ignis
389 3656 422 3666 -
436 3625 526 3683 cerni.
556 3642 587 3682 v.
601 3622 678 3682 929:
696 3644 751 3684 nec
767 3624 855 3683 facile
871 3641 907 3681 er
922 3626 1008 3683 cestu
1023 3621 1209 3706 necfrc‘ycre
1224 3629 1305 3707 quod

141 3730 313 3806 caperetur.
344 3744 375 3784 v.
394 3725 471 3785 949:
494 3721 602 3806 quibus
623 3742 638 3783 e
653 3727 771 3786 scibant
786 3728 892 3787 umori’
908 3729 1022 3787 fluenta
1037 3729 1153 3788 lubrica
1168 3732 1304 3809 proluvie

138 3821 229 3907 larga
243 3830 343 3889 lavere
359 3829 462 3888 umida
476 3849 554 3888 saxa.
570 3846 603 3887 v.
616 3826 717 3889 1133:
734 3831 857 3908 sapiunt
872 3825 973 3887 aliero
989 3846 1026 3886 ec·
1041 3846 1102 3888 cre.
1124 3827 1184 3906 VI,
1197 3831 1254 3893 32:
1273 3840 1305 3893 et

136 3926 253 4007 quibus
269 3947 284 3988 e
292 3926 396 4007 portia
412 3933 528 3991 occurri
543 3933 651 4010 cuique
667 3933 797 3992 deceret.
822 3950 854 3990 v.
867 3930 945 3991 145:
965 3927 1069 3990 enchi
1083 3934 1116 3992 in
1131 3935 1244 3993 nubem
1259 3935 1303 3994 vis

134 4026 255 4092 incidit
276 4034 393 4093 ardens.
423 4052 455 4093 v.
473 4033 551 4093 148:
575 4038 611 4093 ut
633 4036 738 4095 calidis
760 4035 890 4094 candens
903 4035 1019 4093 ferrum
1034 4051 1050 4092 e
1058 4031 1247 4116 fornacibus
1267 4069 1298 4081 —

134 4136 257 4195 suidir.
279 4153 312 4195 v.
325 4133 402 4195 273:
419 4141 451 4196 et
464 4138 564 4196 multa
572 4142 724 4197 necessest
733 4139 890 4216 concipere
900 4154 936 4195 er
946 4138 1017 4196 solis
1026 4132 1125 4195 rudr'r'a
1135 4135 1303 4220 ardoreque

137 4253 257 4297 eorum.
281 4256 314 4296 v.
331 4236 410 4298 304:
428 4241 488 4298 alia
504 4236 663 4318 (corpora)
680 4255 716 4297 cr
730 4235 796 4316 ipsc
812 4235 980 4297 conradere
996 4238 1064 4298 c'cre
1079 4244 1191 4318 portal,
1208 4237 1251 4299 cf.
1269 4259 1302 4300 v.
1422 4259 1424 4264 ·

133 4338 223 4401 444:
242 4343 407 4402 conradens
417 4363 452 4401 ex
462 4346 539 4401 cere.
555 4359 587 4400 v.
600 4340 679 4400 346:
699 4359 736 4400 er
744 4337 809 4419 r'poo
818 4344 943 4403 veniens
952 4335 1055 4402 drahel
1070 4342 1138 4401 aere
1154 4345 1301 4421 quaedam
