2874 4934
218 370 279 431 118
629 386 774 429 vansuu.
807 386 878 429 car.
897 386 956 429 vu.

217 579 235 616 a
250 559 349 617 nervis
365 561 397 616 et
412 558 558 633 sanguine
574 552 705 633 louqiter
721 575 793 615 ecee.
819 552 973 631 V1,369:
991 563 1112 638 tempus
1127 559 1162 616 ut
1178 559 1222 616 est
1237 578 1374 617 vernum.

218 655 271 719 Sic
288 654 425 717 Lachm.
442 676 501 736 pro
515 654 562 727 u'd,
586 656 620 716 h.
638 676 667 717 e.
689 654 784 736 quale
806 676 942 717 vernum
963 661 1095 739 tempus
1117 661 1180 733 est,
1203 653 1261 736 qui
1282 653 1376 738 plura

217 757 318 822 etiam
334 756 484 840 exempla
499 756 605 819 affert.
637 754 822 819 Praedicati
842 756 915 818 loco
933 763 984 818 est
1000 755 1191 820 adverbium
1205 755 1240 818 in
1256 757 1373 838 figura,

217 880 299 942 quae
316 857 437 921 dicitur
450 858 496 942 ὑφ’
514 859 550 933 ἓν,
567 879 667 939 quum
684 856 886 940 cogitatione
902 857 1089 921 addendum
1105 857 1149 922 sit
1164 857 1374 942 participium

216 959 309 1023 verbi
324 981 396 1037 esse,
419 960 448 1038 I,
465 961 527 1024 373
544 968 614 1049 post
629 964 703 1038 loca,
724 960 758 1022 h.
777 981 805 1023 e.
827 959 901 1023 loca
917 980 999 1042 quae
1014 965 1092 1043 post
1108 967 1198 1023 sunt.
1228 960 1273 1037 V,
1292 960 1372 1024 1371

215 1068 294 1127 infra
313 1099 344 1110 —
365 1067 474 1126 locum.

582 1247 646 1302 lv.
680 1246 858 1318 syntaxis
875 1248 999 1306 verbi.

707 1422 779 1500 Cap.
804 1423 874 1482 VH.

250 1606 305 1668 De
329 1604 492 1669 notione
515 1611 634 1686 atque
658 1604 879 1687 generibus
902 1604 1013 1668 verbi
1035 1604 1076 1669 in
1098 1603 1344 1668 universum.

301 1779 332 1839 1.
358 1774 549 1861 Siquu'ficutu'o
576 1775 678 1838 uotiua
707 1775 940 1858 complectitur
968 1774 1136 1838 notionem
1164 1774 1374 1839 transitivum

217 1886 251 1942 et
266 1877 509 1942 intransitivum
527 1884 561 1941 et
576 1877 611 1941 in
621 1876 722 1940 activi
731 1877 836 1940 forma
846 1883 880 1939 et
890 1877 923 1939 in
934 1875 1167 1961 deponentiali.
1193 1877 1374 1940 Nonnullis

215 1980 297 2044 locis
318 1980 424 2043 forma
443 1979 552 2043 activa
572 1979 729 2042 restituta
752 1986 803 2042 est
819 2002 838 2042 a
854 1979 988 2058 criticis,
1010 1979 1058 2058 II,
1077 1983 1155 2043 112:
1171 1985 1219 2043 uti
1235 2001 1373 2042 meruero.

215 2082 262 2146 sio
278 2081 442 2146 Avantius
464 2104 522 2167 pro
544 2103 697 2159 memoror,
720 2082 759 2144 de
783 2104 846 2163 qua
866 2081 971 2145 forma
990 2080 1064 2144 vide
1080 2081 1217 2143 Lachm.
1234 2079 1297 2158 IV,
1316 2084 1373 2145 54:

214 2185 340 2249 uiltuul
356 2192 387 2249 in
403 2189 492 2248 rebus
507 2190 619 2267 apertis
635 2183 693 2268 (sic
711 2183 878 2246 Antonius
895 2192 929 2246 et
943 2183 1094 2268 impressi
1109 2205 1167 2267 pro
1183 2183 1372 2265 mittuntur).

210 2288 276 2365 JV,
290 2289 368 2350 352:
386 2311 425 2349 ne
440 2292 600 2350 simulacra
614 2292 732 2369 possint
747 2292 878 2350 ullarum
892 2311 992 2350 rerum
1009 2292 1146 2349 coniecta
1160 2305 1288 2347 mouere.
1320 2283 1378 2347 Sic'

217 2394 307 2452 recte
331 2387 504 2451 Bentleius
528 2409 586 2470 pro
614 2388 738 2461 uoueri,
769 2388 898 2451 scilicet
927 2389 1052 2466 oculos,
1085 2394 1119 2450 et
1149 2387 1312 2449 lacessere
1342 2391 1379 2448 ut

218 2491 363 2555 videant.
396 2513 428 2553 v.
446 2492 525 2553 493:
551 2499 582 2553 et
603 2513 828 2573 quaecumque
850 2496 994 2554 coloribu’
1018 2497 1080 2553 sint
1100 2495 1263 2552 coniuncta
1277 2488 1378 2550 vidue

219 2596 278 2676 (sc.
300 2617 419 2657 necesse
442 2602 497 2670 est,
518 2592 607 2675 quod
628 2592 832 2674 antecessit).
870 2591 977 2654 Videre
999 2591 1131 2675 scripsit
1145 2566 1377 2653 Iiachmannus

220 2718 278 2780 pro
303 2701 451 2758 ueoeueu
475 2715 631 2780 perquam
654 2694 766 2777 inepte
788 2714 829 2757 ex
850 2693 1071 2778 superioribus
1095 2691 1290 2775 repetitum,
1316 2713 1379 2755 non

220 2798 330 2876 videri,
354 2797 431 2881 quia
451 2796 632 2882 praecessit
652 2797 776 2859 cecutire.
809 2797 850 2874 V,
869 2795 1053 2880 lblbferre
1068 2793 1148 2858 Itali
1168 2800 1202 2857 et
1217 2794 1378 2857 Marullus

220 2923 279 2985 pro
291 2900 391 2984 ferri.
426 2899 573 2982 Antiqua
593 2899 698 2963 forma
720 2899 829 2990 activa
842 2898 947 2979 partu
966 2895 1089 2978 legitur
1104 2896 1145 2972 V,
1164 2899 1237 2974 684,
1255 2902 1380 2960 adulant

220 3002 266 3066 ib.
278 3026 310 3067 v.
323 3006 418 3069 1070.
445 3003 654 3066 Enumerabo
670 3001 811 3086 primum
825 3021 863 3064 ea
872 2999 983 3077 verba,
1001 3019 1084 3080 quae
1094 2998 1180 3082 apud
1190 2996 1379 3062 Lucretium

223 3111 258 3169 et
272 3105 483 3169 intransitiva
499 3111 533 3168 et
548 3103 724 3167 transitiva
739 3101 982 3185 significatione
991 3106 1149 3184 usurpata
1162 3099 1377 3184 reperiuntur.

223 3208 294 3270 Ruo
308 3207 519 3272 transitivum
537 3213 589 3269 est
604 3205 633 3285 l,
652 3207 730 3270 272:
752 3211 946 3288 ingentisque
961 3203 1027 3266 ruit
1041 3227 1142 3267 naves.
1173 3225 1205 3265 v.
1224 3205 1287 3265 289
1302 3202 1379 3265 ruit·

223 3336 282 3393 que
298 3309 426 3392 (amnis)
441 3317 486 3373 ita
502 3313 651 3392 quidquid
665 3314 808 3372 fluctibus
824 3313 935 3372 obstat.
960 3329 991 3369 v.
1010 3309 1086 3369 292:
1104 3310 1235 3368 trudunt
1250 3331 1298 3370 res
1313 3313 1380 3369 ante

226 3417 382 3494 ruuntque
402 3417 568 3494 impetibus
591 3416 710 3474 crebris.
741 3411 783 3488 V,
802 3412 884 3474 1325
900 3420 1012 3473 terram
1027 3412 1183 3472 minitanti
1198 3413 1300 3472 fronte
1316 3427 1380 3470 ruc-

225 3514 308 3577 baut.
343 3513 404 3591 IV,
429 3516 490 3576 866
515 3512 674 3576 subruitur
698 3522 815 3577 natura.
853 3511 915 3590 VI,
939 3514 1018 3575 545ι
1045 3515 1150 3574 subter
1173 3515 1226 3572 ubi
1249 3508 1381 3590 iuuetur

225 3617 386 3697 spehuucus
409 3615 530 3690 subruit
553 3626 645 3680 aetas.
683 3617 726 3694 V,
750 3617 811 3678 368
837 3639 912 3697 quae
937 3619 1054 3697 possint
1082 3649 1114 3659 -
1143 3632 1284 3674 corruere
1307 3611 1382 3699 baur

195 3782 201 3797 ,
225 3744 325 3783 rerum
340 3724 474 3782 violento
490 3723 612 3782 turbine
627 3739 780 3781 summum.
802 3716 844 3795 V,
855 3718 919 3780 412
935 3721 1046 3779 obruit.
1069 3713 1130 3791 VI,
1143 3716 1206 3776 264
1222 3718 1384 3777 obruerent

225 3830 329 3885 terras.
351 3820 605 3883 Intransitivum
621 3825 672 3883 est
685 3840 772 3882 ruere
787 3819 816 3896 I,
829 3821 922 3884 1165.
940 3817 1003 3895 IV,
1015 3818 1089 3880 403.
1108 3817 1180 3879 507.
1199 3817 1275 3880 518.
1291 3815 1334 3894 V,
1345 3817 1384 3876 96

228 3925 335 4003 (ruet).
359 3945 390 3986 v.
403 3925 476 3987 307.
495 3925 568 3986 313.
587 3927 696 3986 obruat
711 3920 778 3999 III,
792 3922 864 3984 775.
889 3919 1021 3982 Peuetro
1036 3916 1250 3994 transitivum
1264 3917 1295 3996 I,
1307 3920 1382 3981 52οι

228 4051 283 4091 nec
308 4051 396 4110 porro
420 4032 541 4108 penitus
560 4029 726 4107 penetratu
750 4029 855 4087 retexi.
885 4021 934 4099 Il,
953 4023 1029 4084 539:
1056 4030 1092 4084 ut
1111 4025 1232 4104 penitus
1255 4028 1385 4103 nequeat

222 4128 395 4210 penetrari.
427 4127 762 4205 111‚476.1V,197.
786 4127 859 4190 613.
884 4126 957 4187 662.
979 4125 1040 4187 670
1063 4132 1230 4206 penetrata.
1261 4145 1294 4185 v.
1312 4125 1383 4186 894.

231 4233 326 4296 1246.
358 4231 401 4309 V,
417 4232 519 4294 1262:
537 4235 716 4313 penetrabat
731 4253 791 4293 eos.
822 4226 884 4303 VI,
903 4228 977 4289 053.
994 4224 1248 4287 Intransitivum
1264 4223 1313 4302 II,
1324 4226 1387 4287 414

231 4356 280 4416 sq.
306 4339 474 4413 penetrare
502 4370 533 4379 —
562 4339 594 4396 in
623 4357 719 4396 nares.
757 4330 820 4407 IV,
848 4331 921 4393 700.
952 4330 1023 4392 730.
1064 4327 1126 4404 VI,
1152 4330 1227 4389 086.
1267 4325 1386 4407 Rumpe
