2874 4934
141 332 182 399 40
544 350 715 395 curemur.
748 351 821 396 614.
838 350 890 399 111.

137 528 294 604 multaque
319 527 474 602 practerea
497 519 554 581 b‘bi
578 544 699 602 possum
722 525 984 582 commemorando
1009 529 1191 602 argumenta
1208 525 1302 584 fidem

139 623 230 686 dictio
247 627 408 686 conradere
422 621 547 683 uostris.
569 645 599 685 v.
612 623 675 685 423
690 621 741 683 cai
757 627 815 684 nisi
830 626 927 703 prima
941 625 1014 685 fides
1030 628 1160 686 fundata
1175 628 1300 687 valebit.

136 747 169 788 v.
196 726 275 788 476:
308 749 362 786 nec
392 729 469 788 clam
498 729 641 789 durateus
672 722 826 786 Troiianis
850 730 997 805 Pergama
1024 761 1056 771 -
1085 730 1303 791 inflamurasset

138 852 243 909 equos.
283 848 315 887 v.
342 828 420 890 506:
453 851 516 890 esse
544 836 704 908 utramque
732 825 791 887 ribi
815 851 869 908 per
894 852 926 890 se
949 851 1116 910 puramque
1138 837 1300 893 necessust.

137 952 168 993 v.
183 931 323 1010 551sq.:
341 935 367 992 si
382 934 497 993 nullam
507 935 597 993 finem
608 939 716 992 natura
725 937 859 1011 parasset
857 927 1049 1012 sraopeadie
1058 929 1158 993 rebus.
1176 951 1208 993 v.
1220 933 1298 994 844:

138 1056 236 1115 neque
258 1031 433 1111 corporibus
453 1037 543 1095 finem
566 1057 629 1095 esse
651 1030 801 1093 :escaria
835 1053 865 1092 v.
888 1032 948 1094 563
965 1054 1031 1113 sq.:
1056 1042 1088 1095 ct
1107 1037 1198 1097 finita
1211 1038 1301 1097 simul

138 1140 310 1217 generatim
320 1143 459 1216 tempora
468 1134 555 1195 rebus
571 1143 660 1197 stare.
677 1156 708 1195 v.
721 1134 783 1196 614
792 1157 944 1197 reservans
955 1139 1069 1197 semina
1078 1133 1178 1197 rebar.
1195 1157 1228 1199 v.
1242 1136 1298 1200 707

138 1260 188 1319 sq.
203 1261 210 1297 :
228 1242 278 1319 qui
296 1241 479 1318 principium
491 1235 658 1316 piparodiu
678 1244 748 1299 alira
766 1234 854 1298 robus
877 1241 1071 1301 constituere.
1101 1258 1133 1299 v.
1153 1239 1216 1302 746
1231 1243 1297 1321 oq.²

137 1345 221 1423 quod
251 1343 375 1401 omnino
405 1343 496 1401 finem
526 1364 586 1402 non
610 1363 673 1402 esse
697 1337 837 1400 sccaadis
861 1337 1033 1418 corporibus
1056 1344 1175 1403 faciunt
1204 1365 1299 1423 neque

143 1466 268 1525 pausam
284 1450 363 1503 stare
368 1439 510 1524 properi.
529 1462 559 1504 v.
574 1442 650 1504 797:
669 1465 706 1503 ne
722 1440 779 1502 bibi
793 1465 840 1503 res
856 1445 982 1505 redeant
996 1446 1036 1504 ad
1050 1447 1148 1505 nilum
1164 1447 1300 1507 funditus

141 1569 255 1608 omnes.
278 1564 310 1605 v.
323 1543 401 1605 876:
419 1548 451 1606 id
468 1548 549 1625 quod
558 1550 750 1624 Anaxagoras
766 1541 825 1604 eibi
840 1548 942 1606 sumit.
964 1541 1012 1620 II,
1025 1545 1124 1607 1124:
1142 1549 1232 1627 plura
1245 1543 1301 1609 ribi

140 1651 316 1710 adsumunt.
333 1645 362 1722 Ι,
375 1646 448 1708 903:
467 1670 542 1728 quae
557 1683 588 1691 —
604 1653 708 1709 creant
720 1644 967 1709 incendiasiboia.
984 1667 1015 1708 v.
1028 1648 1102 1709 918:
1119 1652 1303 1711 haoratmuc

140 1748 199 1811 tibi
223 1756 353 1832 pereunt
377 1753 541 1829 primordia
564 1773 672 1812 rerum.
708 1769 740 1810 v.
764 1749 841 1812 930:
866 1753 947 1811 unde
968 1753 1051 1831 prius
1071 1749 1154 1811 aiibi
1174 1755 1304 1814 velarint

70 1844 75 1853 ’
141 1860 281 1932 tempora
299 1875 410 1913 musae.
436 1872 467 1912 v.
481 1852 541 1913 945
559 1872 626 1932 sq.:
645 1856 728 1913 volui
743 1850 800 1911 tibi
820 1888 852 1896 -
872 1874 1029 1933 exponere.
1061 1872 1092 1912 v.
1111 1852 1187 1917 948:
1205 1857 1231 1915 si
1246 1851 1304 1914 bibi

142 1960 221 2017 forte
237 1959 372 2017 animum
393 1990 423 1999 —
444 1961 547 2017 tenere
568 1990 599 1998 -
620 1978 746 2035 possem.
778 1974 809 2015 v.
828 1953 906 2016 975:
924 1977 1052 2034 quorum
1067 1961 1232 2036 utrumque
1248 1952 1305 2016 bibi

120 2084 122 2088 ⁴
143 2061 288 2137 effirgium
301 2060 479 2137 praecludit.
496 2077 527 2117 v.
541 2057 639 2118 1008:
657 2061 781 2121 modum
801 2093 833 2101 —
853 2053 912 2117 ribi
932 2091 964 2101 -
983 2079 1096 2137 parare.
1112 2077 1145 2117 v.
1157 2057 1242 2121 1047
1254 2078 1302 2139 sq.

133 2155 305 2239 principiis
326 2182 426 2221 rerum
445 2163 578 2240 spatium
599 2167 779 2241 tempusque
801 2163 884 2239 l'ugai
904 2163 1016 2239 largiri.
1047 2180 1079 2221 v.
1104 2160 1203 2221 1112:
1229 2165 1304 2223 haec

142 2258 232 2321 rebar
249 2263 307 2321 erit
321 2283 389 2341 pars
404 2265 494 2324 ianua
509 2266 574 2325 leti.
604 2283 637 2323 v.
655 2262 755 2325 1117:
773 2266 817 2324 ita
832 2285 878 2323 res
894 2266 1060 2325 accendent
1074 2261 1304 2325 luminaribus.

142 2360 190 2438 II,
203 2361 258 2424 17:
277 2365 322 2424 nil
337 2366 421 2425 aliud
430 2361 489 2425 sibi
499 2372 639 2427 naturam
649 2367 767 2426 latrare.
785 2385 815 2424 v.
828 2365 881 2427 44.
899 2365 955 2425 66ε
975 2373 1010 2427 tu
1019 2372 1051 2427 46
1061 2363 1153 2425 dictio
1155 2363 1305 2444 praebere

145 2469 309 2527 memento.
326 2460 370 2540 V,
381 2465 458 2526 816:
476 2473 558 2528 terra
573 2470 673 2542 cibum
682 2464 791 2546 poeria
811 2501 842 2513 -·
858 2464 1035 2544 praebebat.
1053 2487 1085 2529 v.
1097 2467 1174 2528 991:
1193 2471 1305 2549 pabula

143 2571 212 2629 viva
221 2561 309 2647 seris
325 2564 505 2644 praebebat,
529 2567 669 2631 deabibiro
684 2572 820 2630 haustus.
850 2566 912 2643 VI,
930 2569 1009 2630 893:
1020 2566 1149 2647 praebet
1168 2603 1200 2615 —
1221 2574 1304 2633 utili·

143 2676 239 2731 tatem
265 2703 296 2711 —
323 2665 493 2729 sib'eatiba'
514 2669 630 2731 acatio.
663 2668 809 2747 II,108:
836 2675 909 2733 haec
933 2677 1002 2733 abra
1024 2694 1125 2735 rarum
1148 2675 1305 2735 sufficiunt

144 2768 239 2831 cobis.
272 2790 303 2829 V.
330 2770 407 2832 180:
432 2795 622 2854 nequaquam
643 2771 728 2833 nobis
750 2775 897 2837 divinitus
922 2796 985 2837 esse
1009 2779 1140 2835 creatam
1164 2784 1304 2839 naturam

144 2875 260 2937 mundi.
278 2872 400 2934 v.182:
419 2886 498 2954 quae'
506 2873 563 2936 bibi
572 2879 731 2956 posterius,
741 2878 878 2952 Memmi,
894 2879 1037 2938 faciemus
1053 2883 1166 2957 aperta.
1183 2879 1303 2941 v.185=

143 2979 318 3037 confirmare
335 2972 401 3035 tibi.
423 2997 455 3036 v.
477 2977 551 3040 770:
570 2981 643 3039 ordo
654 2975 822 3056 principiis
837 2985 984 3041 mutatus.
999 2998 1031 3038 v.
1051 2979 1151 3040 1120:
1168 2977 1305 3041 omuibus

144 3076 192 3139 bia
220 3084 302 3139 aetas
332 3080 424 3140 <lebet
452 3084 614 3143 consistere
644 3078 741 3140 rebus.
777 3077 845 3156 ΙΙΙ,
874 3079 906 3142 7:
934 3085 1007 3161 quid
1032 3084 1114 3143 enim
1138 3080 1306 3143 catardo

144 3184 275 3245 hirundo
296 3177 407 3263 operis.
440 3201 471 3241 v.
496 3184 572 3244 129:
597 3191 644 3247 est
662 3186 757 3262 igitur
777 3186 858 3249 calor
877 3206 912 3245 ac
935 3190 1042 3245 ventus
1062 3187 1165 3247 vitalis
1184 3187 1218 3245 iu
1238 3188 1305 3265 ipso

145 3305 280 3365 corpore,
298 3285 351 3365 qui
366 3280 452 3344 aobiu
466 3289 662 3347 moribundos
678 3288 790 3347 deserit
805 3292 897 3347 artus.
927 3306 960 3346 v.
979 3285 1057 3346 183:
1081 3289 1127 3347 nil
1146 3288 1222 3348 adeo
1240 3290 1306 3349 fiori

145 3390 235 3451 celeri
259 3391 377 3449 ratione
400 3389 536 3463 videtur,
565 3411 655 3468 quam
679 3385 738 3449 cibi
761 3411 845 3449 mens
869 3392 934 3450 fieri
958 3391 1102 3469 proponit
1126 3396 1157 3450 64
1180 3391 1307 3453 inchoat

145 3495 219 3571 ipsa.
249 3482 405 3557 Lachm.:
422 3483 497 3562 „ita
512 3509 641 3570 semper
655 3487 846 3551 Lucretius:
868 3487 944 3551 vide
964 3486 1062 3551 huius
1082 3487 1159 3551 libri
1174 3509 1308 3553 versum

146 3595 208 3656 627
225 3594 377 3661 ‹21:879ss
412 3613 442 3653 ν.
468 3594 529 3654 256
550 3613 617 3673 sq.:
642 3596 819 3674 plerumque
839 3598 874 3654 fit
889 3597 922 3655 in
936 3616 1054 3657 summo
1075 3596 1160 3672 quasi
1181 3615 1309 3674 corpore

145 3703 213 3763 finis
228 3699 367 3763 rioribus.
400 3720 431 3760 v.
450 3697 526 3761 553:
549 3698 603 3758 sed
617 3704 720 3758 tamen
740 3699 773 3758 in
794 3718 886 3777 parvo
902 3699 1058 3757 lincuntur
1072 3702 1209 3776 tempore
1227 3693 1307 3767 lobi,

146 3822 177 3862 v.
190 3800 328 3865 Lachm.
345 3825 377 3865 v.
390 3804 452 3864 684
462 3797 743 3863 uibiviveresolam.
760 3818 792 3858 v.
806 3797 884 3859 rio:
901 3801 1043 3879 ipsaeque
1052 3794 1111 3856 eibi
1120 3800 1311 3860 fabricentur

147 3909 198 3968 ubi
221 3909 355 3969 sint'v.
380 3905 458 3967 983:
485 3925 646 3982 casumque
670 3905 782 3965 timent
806 3923 896 3981 quem
920 3897 1027 3981 coique
1051 3904 1128 3962 ferat
1149 3904 1221 3962 fors.
1253 3896 1309 3962 Sic

147 4005 323 4090 oblongus,
336 4005 426 4083 Itali,
438 4003 517 4068 clim
526 4000 687 4086 impressi,
699 4001 874 4064 Marullus
890 4021 1099 4084 quemcumque
1113 3999 1309 4083 quadratus,

146 4107 258 4190 itaque
275 4131 315 4172 ex
330 4109 399 4172 suis
415 4105 608 4171 Lambinus.
626 4103 712 4169 iufra
728 4107 811 4171 1086
828 4109 945 4181 Quidve
950 4102 1044 4187 ferat
1059 4102 1144 4165 aubia
1160 4127 1256 4167 casus.
1271 4141 1306 4151 -

147 4233 179 4273 v.
198 4213 297 4275 1028:
322 4211 439 4292 mappic
459 4215 512 4292 qui
528 4206 671 4289 pratibus
691 4205 918 4288 imperitarunt.
950 4204 1013 4282 IV,
1029 4226 1061 4267 v.
1080 4207 1154 4269 398.
1176 4226 1207 4266 v.
1225 4207 1307 4270 437:

147 4318 278 4384 obnitier
299 4315 411 4377 caiae.
448 4311 501 4375 Sic
521 4311 766 4379 hartmannus.
798 4307 879 4377 Itali
899 4313 934 4370 64
952 4307 1116 4375 Marullus
1137 4306 1309 4373 nonsatis
