2874 4934
140 357 178 419 76
550 373 705 419 suessos.
730 374 802 418 999.
826 366 873 421 39.
956 439 960 455 ¹

137 568 168 608 v.
188 548 264 609 5943
288 544 369 606 inter
388 565 420 606 99
440 539 536 606 simili
555 567 631 626 quae
646 552 718 607 sunt
732 548 866 627 perlecta
880 550 985 628 figura.
1015 545 1044 624 Ι,
1061 546 1141 611 3753
1163 545 1281 610 intereo

138 674 223 733 posse
238 652 360 712 moveri.
380 668 412 708 v.
431 649 506 711 7603
531 652 652 710 inimica
667 652 764 711 modis
779 653 884 712 multis
899 655 972 713 sunt
986 657 1078 733 etque
1092 674 1213 714 veneno
1222 655 1282 734 ipss

137 757 195 816 sibi
209 751 291 813 93999
305 769 347 812 99.
364 771 397 812 9.
410 751 486 814 7693
504 755 683 832 metantque
693 755 822 815 colorem
838 759 982 816 ettotam
996 751 1078 815 inter
1093 772 1127 815 99
1140 760 1280 817 naturum.
1325 744 1327 753 ¹

137 877 169 918 v.
189 855 265 919 7873
287 877 342 917 nec
364 876 477 917 cessere
496 858 569 916 haee
588 853 671 915 ieter
690 873 722 917 99
740 859 869 916 motare.
899 876 931 917 v.
949 856 1012 919 910
1027 876 1096 938 sq:
1119 879 1196 939 quus
1210 855 1282 919 ieter

137 979 169 1021 99
192 963 267 1021 dent
289 964 390 1021 motus
413 960 633 1039 accipiantque,
657 965 748 1039 utque
772 960 876 1039 ecdem
899 962 990 1040 paulo
1013 957 1097 1021 inter
1119 979 1151 1021 99
1173 963 1282 1022 mutato

137 1085 237 1125 creare
251 1066 345 1142 ignes.
365 1081 396 1122 9.
415 1060 492 1122 9133
509 1063 601 1124 verbs
616 1084 736 1142 quoque
750 1065 815 1143 ipss
829 1059 910 1122 ieter
924 1080 956 1122 99
971 1065 1062 1143 paulo
1075 1061 1207 1124 montis
1220 1069 1283 1126 sunt

137 1169 304 1228 elementis.
335 1162 377 1240 V,
395 1164 472 1226 185:
500 1167 633 1245 quidque
656 1161 738 1224 tuter
756 1181 819 1223 9999
834 1167 1008 1242 permeato
1028 1169 1135 1228 ordine
1157 1172 1282 1248 possent

137 1267 167 1345 I,
184 1269 264 1330 819:
288 1274 319 1329 et
338 1291 413 1348 quos
432 1264 514 1327 99699
528 1286 560 1328 99
581 1270 655 1330 dent
669 1273 770 1330 motus
785 1270 1003 1349 accipiantque.
1048 1265 1176 1331 Eadem
1192 1266 1283 1331 verbs

137 1371 295 1452 leguntur
314 1367 363 1447 II,
382 1369 442 1433 769
459 1370 603 1432 991069.
625 1367 654 1446 I,
672 1371 749 1432 8953
774 1392 842 1432 cum
861 1376 964 1433 993999
981 1368 1064 1432 teter
1082 1388 1115 1433 99
1134 1394 1239 1435 versus
1255 1394 1284 1435 99

136 1477 228 1537 verba
241 1480 391 1536 necessest
406 1477 566 1536 confiteare
586 1509 618 1518 —
633 1470 758 1534 distare.
789 1469 838 1550 II,
856 1474 934 1535 6903
960 1496 1028 1536 9993
1042 1481 1148 1538 tumen
1161 1473 1284 1537 9999999

137 1600 239 1640 versus
254 1599 288 1638 99
302 1579 395 1639 verbs
409 1583 559 1638 necessest
578 1580 738 1639 confiteare
759 1579 818 1638 aliu
837 1598 873 1638 ex
887 1580 953 1639 aliis
969 1586 1106 1641 constare
1121 1580 1283 1641 elementis

137 1680 167 1757 I,
178 1681 256 1743 838:
274 1683 428 1760 sanguinis
442 1677 524 1740 99999
539 1698 570 1740 99
584 1683 690 1742 multis
706 1681 880 1742 coiuntibu’
895 1683 1002 1760 guttis.
1018 1677 1061 1758 V,
1075 1680 1156 1744 4593
1176 1686 1284 1764 qnsnto

137 1788 233 1865 magis
247 1781 329 1845 393999
343 1802 375 1844 99
390 1787 531 1865 perplexo
546 1785 676 1845 coibunt.
692 1781 723 1860 Ι,
734 1782 811 1845 8993
829 1790 968 1845 teruntur
981 1779 1064 1845 99999
1076 1802 1119 1846 99.
1137 1781 1182 1861 V,
1194 1784 1283 1848 11003

137 1891 241 1949 mutua
258 1891 330 1950 dum
345 1883 427 1947 99999
441 1905 473 1946 99
486 1889 561 1948 rami
577 1889 744 1967 stirpesque
759 1892 909 1948 teruntur.
939 1880 987 1962 II,
1006 1886 1061 1948 993
1078 1884 1161 1948 ieter
1176 1904 1210 1949 99
1223 1910 1286 1970 pro·

137 1994 226 2053 strati
250 1993 331 2052 cett.
362 2014 394 2041 =
422 1987 464 2066 V,
488 1990 582 2051 1399.
608 1985 656 2065 II,
678 1987 734 2051 673
765 2011 826 2051 non
854 1986 938 2049 c'oter
959 2007 991 2049 99
1013 1992 1127 2071 stipato
1150 1994 1286 2055 cohoerct

138 2097 287 2156 materies.
319 2112 349 2154 9.
368 2094 446 2156 4613
464 2097 585 2155 haerere
603 2096 684 2154 inter
698 2114 738 2154 se.
767 2088 834 2168 ΙΙΙ,
853 2092 930 2154 1933
947 2091 1052 2153 haeret
1066 2090 1246 2155 9913999999
1257 2112 1286 2155 ss

138 2201 233 2278 magis
249 2199 345 2259 omnis
360 2199 497 2258 materiai
513 2218 628 2277 corpus.
659 2214 691 2255 v.
709 2194 788 2257 3953
812 2198 1021 2258 communibus
1040 2192 1123 2257 tutor
1136 2214 1169 2257 99
1183 2198 1286 2259 redici-

138 2298 339 2362 5991999999
363 2325 395 2351 =
420 2297 462 2375 V,
480 2300 554 2360 554.
581 2296 630 2375 ΙΙ,
649 2297 703 2360 763
732 2293 813 2359 inter
833 2317 864 2359 99
884 2302 1027 2361 mortales
1044 2302 1151 2360 999999
1171 2303 1285 2363 vivunt.

139 2424 170 2465 v.
189 2403 266 2464 1543
298 2401 451 2481 complecto
474 2409 577 2464 meent
600 2400 681 2463 iuter
704 2419 736 2462 se
759 2423 875 2483 conque
898 2404 1032 2482 globata.
1062 2398 1105 2479 V,
1123 2401 1202 2463 9993
1229 2424 1287 2471 non

138 2514 241 2568 tamen
255 2503 337 2565 99699
351 2523 383 2566 99
399 2512 526 2586 possunt
541 2503 692 2584 9999979939
709 2508 810 2566 creari.
827 2501 875 2582 II,
893 2504 971 2567 1553
988 2502 1116 2566 99919999
1130 2510 1287 2569 399391399-

138 2618 197 2672 tur.
227 2628 260 2670 9.
284 2608 345 2670 348
374 2612 505 2671 intense
525 2613 652 2671 differre.
683 2627 714 2669 9.
738 2607 816 2670 3513
842 2630 898 2671 999
917 2612 1017 2670 minus
1039 2612 1288 2689 atque-homines

137 2710 219 2773 tuter
242 2730 274 2772 99
297 2719 370 2774 note
394 2717 502 2775 cluere.
532 2733 564 2774 v.
582 2712 660 2773 3943
689 2719 742 2773 aut
765 2715 860 2791 megis
884 2709 995 2772 amatis
1018 2708 1099 2771 ictor
1121 2730 1154 2773 99
1176 2734 1289 2795 perque

138 2818 267 2898 plicatis.
297 2835 329 2875 v.
346 2817 424 2877 4053
448 2821 522 2879 13999
542 2818 638 2895 magis
660 2811 770 2874 amatis
785 2812 867 2874 inter
885 2833 916 2874 99
930 2836 1006 2876 nexa
1020 2817 1126 2876 teneri.
1157 2834 1190 2876 V.
1207 2817 1287 2878 4453

138 2923 211 2981 haec
231 2923 327 2999 magis
348 2915 459 2980 9399199
478 2917 560 2980 ister
579 2941 643 2980 9999
663 2940 726 2980 9999
746 2924 904 2980 necessest.
935 2937 966 2978 v.
985 2917 1063 2980 3963
1087 2921 1134 2980 991
1149 2940 1211 2981 999
1226 2924 1291 2981 9993

139 3024 403 3104 diducturepente
419 3019 545 3083 interce
565 3025 681 3103 possint
703 3011 916 3102 93139933ἱαῖ-
937 3042 990 3103 per
1008 3056 1043 3066 —
1061 3023 1210 3084 foramina
1224 3026 1291 3104 per'·

137 3148 266 3188 manare.
297 3146 328 3187 v.
346 3125 424 3188 4393
448 3129 638 3188 confundunt
653 3121 780 3185 interce
796 3127 1057 3187 concitusensum.
1087 3144 1119 3186 9.
1137 3125 1217 3186 4543
1234 3148 1291 3189 nec

137 3233 309 3292 retinentur
324 3233 404 3291 enim
419 3226 546 3291 interce
561 3231 777 3309 glomeramina
793 3250 937 3310 quaeque.
960 3247 993 3289 9.
1010 3228 1088 3290 4843
1104 3231 1186 3290 inter
1201 3252 1233 3292 se
1253 3264 1285 3274 -

137 3337 259 3395 9991999.
290 3351 322 3393 9.
341 3331 418 3393 6303
445 3329 681 3394 991999919399
707 3334 787 3413 quod
811 3336 899 3393 armis
923 3333 1044 3393 ludunt.
1071 3351 1102 3392 9.
1121 3331 1201 3392 3933
1229 3357 1290 3397 non

138 3459 198 3517 quo
219 3471 249 3480 —
269 3437 348 3497 nulli
368 3431 449 3494 ister
469 3453 500 3494 99
519 3438 578 3497 duo
599 3439 661 3496 sint
682 3470 712 3479 —
732 3439 822 3497 idem.
853 3455 885 3495 9.
903 3435 981 3496 0993
1003 3443 1039 3496 99
1057 3442 1217 3514 nequeunt
1237 3440 1289 3499 ho·

137 3543 232 3602 mines
262 3546 397 3601 armenta
426 3542 565 3620 fereeque
594 3536 676 3599 c'ctcr
703 3556 767 3598 9999
795 3541 889 3600 ullam
913 3560 976 3600 rem
999 3541 1132 3618 gignere.
1174 3556 1207 3598 9.
1228 3538 1290 3602 949

138 3639 317 3727 (materies)
337 3645 468 3704 contulit
487 3639 568 3702 iuter
589 3661 620 3702 99
640 3647 750 3702 motus.
781 3637 849 3718 ΙΙΙ,
867 3641 944 3704 1313
968 3644 1101 3703 animum
1116 3646 1210 3722 utque
1227 3646 1292 3705 9331-

136 3749 304 3809 9399331199
325 3743 486 3806 coniuncta
506 3748 603 3807 teneri
623 3743 704 3806 99699
722 3762 764 3805 99.
796 3763 827 3804 9.
847 3746 925 3806 5593
951 3748 1032 3806 inter
1056 3767 1088 3806 se
1116 3747 1290 3809 coniuncte.

137 3847 199 3926 IV,
217 3848 296 3912 9473
314 3853 474 3911 coniuncto
488 3851 569 3910 inter
583 3869 623 3909 se.
646 3868 678 3909 9.
698 3847 774 3910 7963
797 3851 878 3910 inter
898 3868 929 3909 se
947 3850 1126 3928 iunguntur.
1142 3844 1186 3924 V,
1205 3847 1290 3912 1090

137 3956 301 4015 amicitiem
321 3988 351 3997 —-
371 3951 496 4033 inopere
516 3954 638 4014 finitimi
658 3949 739 4012 inter
759 3969 800 4011 99.
832 3948 900 4027 ΙΙΙ,
918 3950 995 4012 9583
1022 3973 1082 4031 quo
1102 3948 1291 4039 33999ορ9999

136 4076 200 4118 9999
222 4054 320 4118 mictu
344 4091 375 4100 -
401 4059 533 4136 vigeant.
563 4076 594 4121 9.
613 4053 689 4116 9833
716 4060 866 4116 necessest
889 4061 998 4116 ventus
1024 4060 1055 4116 et
1078 4059 1129 4115 993
1153 4060 1185 4116 99
1208 4059 1291 4118 calor

136 4157 263 4227 interce
277 4164 401 4240 vigeant
415 4155 584 4219 commisto.
616 4154 657 4233 V,
675 4158 752 4219 9193
775 4155 887 4218 mixtos
903 4161 1036 4239 potuisse
1052 4159 1144 4218 creari
1160 4152 1289 4218 interce

137 4266 266 4344 pecudes
282 4266 346 4324 etc.
368 4259 436 4338 III,
454 4262 515 4322 969
531 4280 597 4342 sq.:
619 4264 699 4325 inter
719 4265 799 4323 enim
818 4267 941 4323 cursant
960 4263 1124 4343 primordia
1145 4262 1289 4342 principi·

137 4390 221 4430 orum
244 4369 378 4430 motibus
401 4364 482 4427 399999
503 4384 546 4426 99.
578 4362 645 4440 ΙΙΙ,
663 4364 735 4426 339.
762 4384 794 4426 9.
811 4364 889 4427 4943
922 4387 982 4446 quc
1010 4371 1100 4426 tenus
1124 4370 1170 4426 est
1194 4388 1288 4427 unum
