2874 4934
609 396 821 441 1ss1u1r1vus
1227 380 1288 441 125

135 588 168 629 1.
187 568 267 629 5941
290 589 377 648 saepe
399 570 501 647 eliqua
520 572 623 628 tamen
645 589 661 627 e
683 589 771 627 causa
786 569 934 627 labefacta
949 570 1070 628 videtur
1084 569 1127 627 ire
1143 570 1242 627 anima
1257 589 1292 627 ac

134 678 205 731 toto
222 673 302 731 solvi
321 673 359 731 de
383 692 505 750 corpore
525 673 612 730 velle.
643 666 705 743 IV,
723 667 784 730 330
802 688 868 749 sq.:
891 672 992 730 omnia
1013 693 1066 750 per
1084 672 1175 730 flexos
1191 661 1291 730 aditus

136 775 249 834 educta
276 774 381 833 licebit
411 774 547 853 pluribus
576 775 650 832 haee
678 775 806 852 speculis
830 775 990 833 videantur
1013 775 1046 831 in
1070 773 1194 832 aedibus
1219 793 1290 832 esse.

135 895 167 936 1.
187 873 250 947 696
266 876 401 952 redolere
415 876 566 935 videntur.
597 895 628 934 1.
649 873 748 934 11191
770 896 840 936 nam
861 878 957 934 facere
978 877 1058 935 inter
1080 875 1152 933 dum
1167 876 1245 934 velle
1261 879 1292 934 et

135 985 251 1038 certare
280 979 432 1038 videntur.
471 973 513 1049 V,
540 976 617 1036 5811
648 998 718 1036 nam
746 979 829 1055 prius
858 981 958 1038 omnia
987 1011 1016 1019 -
1047 978 1145 1056 specie
1168 980 1293 1037 confusa

134 1083 281 1141 videntur
301 1100 392 1158 quam
411 1073 509 1136 mieee'
529 1080 622 1138 filum.
654 1074 707 1136 Sic
729 1075 901 1138 Bentleiue
922 1097 1054 1158 prorsus
1079 1075 1210 1157 egregie
1233 1097 1291 1158 pro

135 1178 189 1242 rei.
220 1177 290 1254 ΙΙΙ,
312 1179 372 1241 773
393 1201 431 1240 an
450 1176 557 1238 meteret
579 1177 719 1239 concleae
735 1184 1041 1260 mererein'corpore
1056 1184 1148 1260 putri.
1181 1200 1212 1240 1.
1230 1180 1292 1241 978

135 1303 186 1364 eq.
204 1305 282 1364 quae
296 1317 327 1326 -
342 1284 463 1362 prodita
472 1288 544 1341 eunt
554 1303 625 1342 esse.
641 1278 703 1356 IV,
716 1282 777 1344 901
789 1301 860 1362 sqq.
877 1286 951 1344 haec
967 1291 1132 1344 cernuntur
1143 1318 1172 1326 —
1185 1285 1293 1344 diffun-

135 1389 207 1447 dere
227 1408 293 1447 sese
313 1406 426 1465 perque
446 1385 547 1445 volare
568 1405 657 1445 mare.
688 1404 720 1444 1.
740 1384 816 1445 9311
838 1389 934 1464 figura
960 1421 991 1431 -
1017 1388 1209 1465 cognoscitur
1231 1406 1293 1445 esse

136 1491 251 1550 eadem.
290 1483 352 1561 VI,
380 1485 456 1547 7161
482 1489 534 1566 qui
560 1489 670 1547 etesiae
695 1508 758 1547 ease
783 1490 929 1547 feruntur.
964 1507 996 1547 1.
1023 1488 1101 1548 8481
1128 1506 1190 1546 esee
1214 1490 1294 1567 apud

135 1593 320 1665 Hammonis
345 1593 446 1650 fanum
470 1593 538 1651 fons
563 1592 629 1649 luce
651 1591 759 1650 diurna
782 1592 910 1667 frigidus
934 1625 965 1633 -
990 1594 1094 1650 fertur.
1125 1586 1294 1650 Attractio

135 1711 234 1752 casus
249 1660 429 1778 pri'aedicati
447 1686 482 1750 in
498 1686 634 1751 dativo
650 1687 811 1772 reperitur
826 1688 867 1767 V,
881 1691 959 1752 1741
977 1695 1088 1772 quidve
1102 1689 1295 1774 malifeerat

134 1791 222 1855 nobie
237 1816 300 1855 nou
316 1811 378 1853 esee
393 1789 527 1853 creatis?

221 1897 254 1958 4.
272 1891 462 1955 Infinitivus
478 1891 638 1954 coese'de'em
648 1891 716 1955 sive
727 1891 961 1955 necessitatem
971 1891 1135 1976 exprimit.
1152 1892 1181 1970 I,
1194 1895 1292 1956 1005:

134 2020 192 2062 nec
206 2020 345 2081 prorsum
360 2001 456 2059 facere
472 2003 508 2058 ut
522 1995 731 2058 restet'minus
750 1994 802 2056 e're.
811 2000 948 2058 meando.
980 1994 1139 2057 Similiter
1155 1994 1196 2072 V,
1215 1997 1292 2058 9971

134 2106 185 2163 eui
208 2107 332 2163 tantum
354 2104 387 2161 in
410 2103 474 2160 vita
496 2106 592 2160 restet
620 2097 752 2158 dreesire
775 2103 932 2160 malorum.
973 2096 1025 2159 Sic
1051 2119 1108 2179 pro
1134 2097 1294 2158 drerree'resd

136 2199 335 2265 Lactantius
358 2200 398 2262 de
421 2196 549 2282 opificio
567 2197 621 2260 dei
635 2197 702 2276 III,
721 2202 750 2262 9.
784 2198 973 2261 Quadratus
990 2199 1123 2261 dreese're
1139 2205 1194 2260 esd.
1225 2197 1293 2276 III,

136 2306 198 2366 895
217 2324 286 2384 sq.:
312 2325 367 2366 uec
391 2306 494 2365 dulces
519 2311 678 2365 occurrent
701 2308 804 2365 oscula
827 2307 891 2365 nati
913 2301 1099 2381 praeripere.
1137 2323 1169 2363 v.
1194 2303 1292 2364 10301

135 2412 255 2489 iterque
271 2409 358 2468 dedit
373 2403 604 2486 legionibus‚e're
619 2429 672 2486 per
688 2409 793 2466 altum.
818 2426 850 2466 1.
869 2406 951 2467 1076
967 2425 1033 2486 sq.:
1052 2409 1192 2487 Denique
1207 2413 1295 2468 teuto

138 2532 228 2592 opere
249 2513 282 2570 in
302 2511 402 2570 dubiis
422 2506 576 2587 trepidare
597 2511 717 2588 periclis
737 2532 813 2589 quae
829 2513 908 2569 mala
923 2531 976 2570 uos
991 2505 1105 2586 ereddpr'd
1120 2512 1194 2570 vitai
1209 2515 1296 2570 tanta

137 2614 272 2694 cupido?
296 2608 338 2686 V,
351 2611 433 2672 1099
445 2630 511 2691 sq.:
530 2614 625 2672 varios
641 2615 763 2690 linguae
779 2614 895 2672 sonitus
911 2618 1019 2672 natura
1034 2592 1150 2688 sedeee'd
1165 2609 1293 2671 reddere.

138 2713 199 2791 VI,
212 2713 275 2776 736
286 2733 353 2794 sq.:
371 2716 424 2775 ubi
433 2716 466 2774 in
476 2735 596 2794 campos
606 2716 688 2775 albas
705 2711 881 2773 descendere
897 2717 1024 2792 ningues
1040 2716 1168 2774 tabificis
1183 2711 1296 2790 sebiqid

138 2821 229 2879 radiis
249 2819 297 2879 sol
316 2808 417 2878 omnid
436 2819 576 2878 lustrans.
607 2813 669 2890 IV,
688 2816 788 2877 10891
807 2810 841 2876 11
853 2819 969 2877 stimuli
984 2818 1122 2890 subsunt,
1139 2818 1192 2895 qui
1207 2812 1296 2874 irredd-

135 2923 213 2997 yead
221 2917 345 2980 laedere
353 2921 386 2979 id
394 2922 503 2999 ipsum.
524 2937 556 2978 1.
569 2918 667 2979 11961
686 2923 855 2979 communia
869 2940 1014 2999 quaerens
1027 2899 1297 2996 giudiasodiedar

138 3025 273 3104 spatium
289 3019 446 3081 decurrere
461 3023 578 3086 amoris.
609 3017 651 3095 V,
670 3021 748 3081 9451
770 3028 802 3082 11
817 3019 924 3081 sedere
939 3023 1022 3081 sitim
1037 3022 1121 3081 fluvii
1138 3023 1296 3100 fontesque

139 3123 299 3185 recederet.

225 3227 256 3288 5.
286 3220 476 3286 Infinitivus
501 3223 612 3285 locum
636 3228 729 3285 tenet
754 3221 872 3284 obiecti.
916 3221 945 3300 I,
972 3225 1027 3285 161
1058 3247 1118 3305 quo
1147 3247 1296 3306 quamque

138 3327 286 3391 dedecere
300 3325 415 3406 perede.
447 3346 479 3388 1.
497 3327 574 3388 9391
599 3329 749 3388 111ο11111
770 3348 863 3408 pergo
884 3352 915 3378 =
935 3325 996 3401 IV,
1016 3325 1044 3388 7.
1076 3324 1105 3402 I,
1124 3327 1205 3387 1080
1228 3351 1297 3389 con·

141 3436 247 3494 cedere
270 3437 378 3512 pergat
404 3417 442 3481 ==¹
459 3425 508 3505 II,
530 3427 603 3491 937.
640 3426 689 3504 II,
712 3430 773 3491 946
798 3432 899 3510 pergit
923 3431 1114 3491 confundere.
1145 3427 1212 3506 III,
1235 3430 1296 3492 178

134 3552 262 3613 perpere
282 3536 431 3603 rationem
451 3529 587 3592 reddere.
619 3531 875 3612 areopagus
896 3534 1063 3613 disponere.
1094 3534 1297 3596 1499111111

141 3635 243 3697 dicere
263 3653 401 3715 perpere.
441 3655 473 3694 1.
500 3635 561 3695 948
586 3656 692 3714 pergas
720 3669 750 3678 —
780 3637 908 3694 vincere.
947 3631 1010 3709 IV,
1036 3634 1113 3695 3001
1145 3641 1298 3698 11111111

104 3751 112 3775 ·
140 3736 265 3798 derdere
278 3754 402 3816 perper.
435 3733 496 3812 VI,
513 3737 570 3798 491
595 3759 718 3817 pergam
733 3743 896 3817 pertexere.
927 3734 956 3811 I,
975 3736 1030 3796 951
1051 3759 1182 3817 pangere
1197 3761 1296 3801 conor.

140 3837 202 3917 IV,
221 3838 321 3901 11701
339 3841 364 3900 si
380 3836 480 3899 dicere
495 3857 594 3899 eoeer.
617 3836 646 3913 I,
664 3839 721 3901 31:
740 3845 825 3919 potes
846 3873 876 3882 -
897 3841 1008 3899 iuvare.
1030 3858 1062 3898 1.
1074 3840 1114 3899 41
1126 3859 1192 3919 sq.:
1210 3862 1298 3920 egere

144 3978 177 3989 -·
196 3963 367 4024 possumus.
397 3962 429 4002 1.
447 3938 510 4002 374
525 3965 584 4022 quc
601 3939 723 4020 potate
744 3977 774 3984 -
796 3939 944 4023 coejleere
960 3946 1067 4003 undae.
1099 3963 1130 4002 v.
1149 3941 1209 4004 375
1227 3963 1295 4023 sq.:

139 4050 182 4107 111
198 4047 274 4106 alias
289 4065 409 4124 quoque
424 4066 471 4106 res
486 4047 567 4105 inter
582 4067 613 4105 se
622 4063 713 4123 posse
728 4041 839 4103 mereri
855 4051 887 4104 et
901 4047 1018 4104 medere
1034 4047 1142 4105 locum.
1173 4065 1205 4105 1.
1218 4044 1295 4106 3781

139 4170 201 4230 quo
222 4149 405 4227 squamigeri
420 4149 567 4223 peterent
579 4144 744 4224 precedere
763 4149 895 4207 tandem.
931 4167 963 4206 v.
985 4145 1047 4220 379
1067 4166 1124 4226 sq.
1138 4144 1298 4207 concedere

140 4272 232 4332 perro
246 4251 465 4329 quopedereed
479 4251 587 4324 undae,
604 4271 672 4309 cum
687 4252 784 4328 pisces
798 4245 845 4308 dre
859 4245 1048 4330 eeqee‘berd?
1070 4267 1102 4308 1.
1119 4248 1198 4309 3891
1216 4252 1298 4310 haud

126 4342 253 4432 ‘pererit
279 4385 311 4397 -
335 4349 478 4429 eorreplere'
497 4355 637 4432 spatium.
674 4371 705 4411 v.
727 4351 788 4411 395
806 4370 877 4430 sqq.
904 4374 958 4412 nec
981 4354 1037 4412 tali
1060 4355 1177 4412 ratione
1195 4355 1297 4430 pcleed
