2874 4934
231 359 250 423 8
628 378 799 424 suss'rsur.
832 380 904 424 crs.
920 380 971 423 111.

229 552 291 613 489
313 572 455 625 seorsum,
475 547 555 611 item
576 571 607 611 v.
626 551 699 613 853.
717 571 749 610 v.
766 551 845 612 491:
871 560 902 613 et
921 556 1002 632 quod
1021 555 1113 614 molle
1132 556 1173 614 sit
1192 561 1224 615 et
1244 554 1384 640 gelidum

229 658 392 715 fervescere
415 671 558 714 scorsum.
591 652 632 729 V,
658 653 737 716 447:
771 661 803 716 et
825 643 939 715 sorsum
962 678 1042 717 mare
1067 659 1114 717 uti
1137 663 1252 718 secreto
1276 679 1384 718 umore

230 762 356 838 pateret.
380 751 426 816 ib.
448 776 479 816 v.
497 757 559 818 448
580 775 697 818 seorsus
716 761 799 819 item.
822 753 1078 838 Praepositionis
1098 754 1203 820 instar
1222 761 1383 839 sequente

230 854 377 921 ablativo
397 862 590 940 usurpatum
606 863 657 920 est
672 879 802 922 scorsum
817 856 883 935 ΙΙΙ,
902 859 978 922 5040
1004 865 1111 942 nequit
1126 865 1219 924 ullam
1234 864 1384 944 dispicere

231 965 295 1043 ipse
311 965 413 1024 oculus
429 985 493 1024 rem
508 981 639 1024 seorsum
654 981 775 1041 corpore
790 965 863 1022 toto.

313 1062 346 1145 b)
370 1062 532 1125 ablaticus
549 1062 652 1126 medii.
683 1060 749 1139 III,
775 1066 836 1126 568
860 1069 976 1146 magnis
998 1070 1175 1130 intervallis.
1204 1064 1271 1144 III,
1298 1069 1382 1131 1000

227 1172 284 1230 hoc
299 1174 345 1230 est
360 1166 484 1229 adverso
500 1171 654 1231 nixantem
668 1172 790 1230 trudere
803 1171 901 1228 monte
915 1192 1027 1232 saxum.
1043 1168 1104 1246 VI,
1118 1171 1177 1233 719
1188 1168 1383 1252 sqficdccrso

227 1275 320 1334 fiabra
335 1275 473 1334 feruntur
484 1269 625 1354 flamine.
649 1268 710 1346 IV,
729 1271 805 1333 609:
830 1278 862 1333 at
881 1275 1039 1357 simulpcra
1058 1271 1117 1334 ela
1132 1271 1260 1336 derectis
1280 1278 1385 1338 omnin

228 1377 368 1436 tendunt.
397 1371 457 1450 IV,
481 1374 580 1436 1272:
605 1377 677 1437 eicit
697 1378 778 1437 enim
798 1378 914 1436 sulcum
935 1379 1017 1436 recle
1033 1374 1154 1455 cepione
1173 1375 1293 1458 viaque.
1318 1376 1381 1455 VI,

231 1476 286 1539 27:
311 1474 434 1538 tramite
442 1496 541 1556 parco
557 1500 617 1558 qua
631 1501 784 1560 possemus
800 1481 838 1540 ad
853 1481 885 1539 id
899 1487 982 1540 recto
999 1483 1180 1542 contendere
1195 1503 1293 1542 cursu.

314 1579 342 1660 c)
359 1577 871 1659 7101070000000000710000000).
890 1580 1083 1665 spectemus
1093 1579 1234 1664 primum
1247 1579 1383 1646 nomina

228 1679 358 1744 urbium
373 1686 407 1743 et
422 1687 593 1744 terrarum.
617 1680 646 1759 I,
665 1685 705 1745 84
720 1687 840 1746 Aulide.
864 1682 925 1759 Vl,
943 1685 1003 1746 585
1020 1683 1097 1764 Acqi
1114 1690 1145 1748 in
1161 1691 1382 1768 Peloponneso.

227 1783 288 1862 VI,
307 1786 389 1848 1108
410 1783 557 1848 Gadibus.
581 1784 641 1863 VI,
660 1787 758 1848 1116:
783 1784 910 1848 Atthide
929 1795 1119 1869 temptantur
1138 1812 1266 1869 gressus,
1287 1795 1383 1870 oculi,-

228 1912 286 1970 que
309 1892 341 1951 in
362 1893 490 1951 Achaeis
512 1892 630 1952 finibus.
662 1887 717 1950 Ad
740 1887 857 1951 horum
879 1888 1047 1952 nominum
1070 1890 1256 1973 analogiam
1279 1889 1383 1956 etiam

226 1996 400 2055 Acherunte
416 1988 536 2054 dicitur
552 1990 618 2068 III,
636 1993 710 2054 028.
727 1993 801 2055 084.
818 1993 895 2056 978:
914 1999 1087 2057 Acherunte
1103 2000 1262 2077 profundo.
1278 1993 1382 2060 Vide-

226 2115 318 2156 amus
330 2098 450 2156 cetera.
468 2091 516 2170 Il,
529 2096 605 2156 219:
623 2099 739 2158 incerto
748 2103 884 2178 tempore
894 2101 986 2160 ferme
996 2095 1181 2179 incertisque
1196 2102 1255 2162 loci
1269 2098 1383 2179 spatiis

226 2201 373 2260 decellere
387 2200 520 2279 paulum.
536 2194 584 2273 II,
596 2198 656 2260 331
674 2203 856 2280 estquidam
871 2203 953 2261 locus
968 2198 1043 2261 altis
1051 2199 1209 2264 montibus.
1227 2199 1287 2278 VI,
1301 2203 1379 2265 786:

228 2309 274 2363 est
290 2305 381 2362 etiam
402 2298 519 2378 mcqaic
534 2304 691 2364 Heliconis
711 2299 860 2362 arentibus
876 2305 971 2364 arbos.
996 2324 1027 2363 v.
1046 2305 1107 2366 963
1129 2309 1199 2367 altis
1214 2310 1395 2387 montibus.¹

227 2400 275 2480 ΙΙ,
294 2404 371 2465 292ε
396 2406 433 2465 Id
454 2407 527 2465 facit
548 2407 689 2485 exiguum
705 2408 853 2467 clinamen
874 2409 1090 2487 principiorum
1105 2431 1160 2470 nec
1182 2407 1304 2487 cepione
1324 2413 1385 2472 loci

227 2510 310 2568 certa
326 2529 381 2568 nec
396 2511 532 2589 tempore
547 2515 640 2570 certo.
665 2528 695 2569 v.
715 2510 792 2570 249:
810 2512 863 2571 sed
878 2513 923 2571 nil
938 2514 1060 2573 omnino
1082 2509 1171 2571 callo
1187 2509 1309 2590 0090000
1324 2517 1384 2576 viai

229 2613 379 2672 declinare
394 2613 461 2691 quis
477 2617 523 2672 est
539 2615 591 2692 qui
612 2619 744 2693 praestet
760 2635 880 2674 cernere
895 2615 989 2690 sessi,
1013 2613 1046 2674 h.
1064 2632 1093 2674 e.
1110 2613 1202 2675 nullo
1219 2612 1293 2676 loco
1310 2611 1384 2678 viae

228 2731 316 2789 suae,
334 2717 372 2773 ut
388 2710 475 2794 expl.
490 2710 640 2792 Lachm.,
658 2712 713 2797 qui
729 2712 857 2777 confert
872 2712 901 2791 I,
919 2717 996 2777 958:
1019 2722 1115 2779 Omne
1131 2720 1212 2800 quod
1228 2725 1274 2780 est
1288 2721 1386 2798 igitur

228 2814 317 2877 aella
333 2813 453 2895 cepione
467 2821 582 2879 viarum
601 2823 761 2894 finitumst,
783 2817 816 2878 h.
834 2836 863 2878 e.
880 2817 972 2880 nulla
987 2824 1079 2900 parte
1095 2816 1249 2881 itinerum
1265 2817 1385 2902 quibus

228 2937 397 3001 peremne
413 2918 639 3001 proficiscaris.
658 2917 725 2996 HI,
743 2922 804 2982 616
821 2942 870 3002 sq.
888 2920 958 2983 anis
971 2921 1091 2984 redibas
1105 2931 1136 2986 et
1146 2921 1236 2984 certis
1249 2921 1384 3001 cepioni·

171 3104 173 3106 ,
229 3020 283 3083 bas
304 3026 442 3086 omnibus
457 3029 570 3088 haeret.
593 3021 660 3100 III,
680 3024 756 3086 784:
781 3029 921 3106 Denique
940 3023 974 3085 ic
990 3025 1109 3087 aethere
1129 3051 1189 3089 non
1205 3030 1301 3103 arbor,
1322 3050 1385 3088 non
1429 3011 1431 3015 ¹

230 3145 358 3208 aequore
372 3125 453 3188 calio
469 3131 563 3190 nubes
579 3152 641 3191 esse
657 3138 783 3209 queunt.
812 3124 866 3190 Sic
881 3125 1018 3190 Lachm.
1036 3149 1094 3210 pro
1110 3153 1238 3211 aequore
1253 3133 1384 3206 inulto,

231 3225 383 3310 quoniam
398 3227 439 3306 V,
459 3230 531 3307 128,
548 3228 605 3293 ubi
620 3226 655 3292 hi
670 3250 783 3292 versus
798 3229 970 3307 iterantur,
993 3236 1060 3293 est:
1083 3256 1146 3296 non
1162 3256 1289 3314 aequore
1305 3236 1385 3295 salso

231 3336 326 3396 nubes
336 3357 398 3395 esse
408 3341 534 3414 queunt,
551 3338 585 3395 et
600 3338 700 3415 poeta
715 3357 826 3416 aequor
835 3338 946 3398 salsum
956 3332 1153 3416 aliquotiens
1164 3333 1258 3410 dixit,
1276 3333 1384 3417 altum

231 3455 420 3516 numquam.
439 3433 597 3498 Similiter
612 3456 803 3519 praegressa
818 3457 929 3519 praep.
946 3436 980 3498 ia
996 3435 1122 3499 dictum
1138 3444 1189 3500 est
1204 3437 1246 3514 V,
1259 3441 1320 3521 142
1331 3460 1383 3521 sq.

227 3535 369 3618 patribus
391 3536 424 3599 ia
435 3537 534 3618 plebis
554 3547 701 3603 terrarum
722 3549 775 3604 aut
790 3545 861 3604 solis
882 3539 915 3602 ia
930 3538 996 3620 iqui
1017 3550 1070 3603 aut
1090 3540 1123 3602 ia
1139 3563 1219 3625 aqua
1234 3550 1287 3605 aut
1308 3524 1386 3605 altis

231 3646 360 3705 aetheris
383 3640 453 3705 oris.
477 3639 544 3720 III,
568 3644 630 3705 548
647 3664 696 3724 sq.
721 3643 784 3706 loco
807 3667 883 3727 quae
904 3649 961 3706 fixa
982 3653 1084 3708 manet
1104 3650 1194 3706 certo.
1219 3643 1280 3721 IV,
1302 3647 1383 3708 380:

231 3766 289 3830 qao
305 3769 433 3827 cumque
451 3745 514 3807 loco
530 3750 571 3808 sit
587 3751 646 3809 lux.
678 3747 755 3810 37οε
774 3746 848 3810 locis
863 3771 898 3810 ex
914 3752 1018 3811 ordine
1034 3747 1135 3809 certic.
1167 3746 1227 3824 IV,
1245 3750 1307 3811 204
1322 3753 1386 3813 iam

228 3847 329 3929 primo
335 3846 447 3931 fronte
462 3857 574 3931 parata.
609 3849 648 3914 27
651 3852 685 3911 6:
709 3850 816 3912 dextra
832 3850 988 3934 laevaque.
1020 3850 1081 3928 VI,
1100 3851 1176 3914 517:
1194 3855 1246 3914 sed
1261 3877 1385 3917 vemens

231 3955 328 4015 imber
341 3956 391 4029 fit,
412 3956 465 4014 ubi
485 3962 640 4017 vementer
659 3958 787 4037 atraque
808 3958 913 4017 nubila
933 3959 1017 4037 aquis
1038 3959 1190 4017 cumulata
1205 3965 1386 4037 premuntur

232 4064 264 4118 et
287 4059 400 4137 impete
427 4060 524 4132 venti,
549 4055 582 4118 h.
602 4077 630 4118 0.
656 4061 795 4140 utroque
820 4077 908 4136 casu,
933 4056 968 4120 in
991 4062 1130 4139 utraque
1151 4062 1254 4141 parte.
1280 4056 1327 4119 ita
1349 4057 1385 4121 in

232 4156 294 4235 IV,
311 4158 352 4221 86
369 4182 403 4221 ex
419 4183 535 4223 summo
557 4164 698 4242 quoniam
714 4165 884 4225 iaculantur
899 4169 1036 4244 utraque,
1059 4167 1094 4223 et
1108 4181 1205 4223 versu
1221 4163 1281 4223 201
1298 4167 1385 4225 Aeri-

232 4265 288 4324 bus
312 4266 390 4324 binis
415 4267 556 4344 quoniam
579 4288 626 4327 res
650 4269 743 4328 confit
767 4275 893 4348 utraque
916 4263 992 4346 (Ia.)
1023 4262 1086 4342 IV,
1109 4265 1169 4327 027
1186 4267 1254 4349 fiac
1278 4269 1383 4347 palati.

232 4362 299 4443 III,
317 4364 378 4427 837
401 4355 543 4449 terraque
564 4365 718 4450 marique,
740 4365 820 4429 item
843 4365 885 4445 V,
904 4366 1155 4446 219.111,8922
1183 4392 1251 4432 cnm
1271 4389 1383 4431 summo
