2874 4934
243 389 304 450 134
663 407 805 451 vannum,
838 409 909 453 333.
926 409 972 452 13.

241 581 285 638 ita
303 583 375 640 haec
396 581 507 658 species
527 575 666 638 37333373
675 576 804 661 suisset.
834 577 900 655 III,
918 580 957 641 35
975 602 1044 662 sqq.
1067 586 1159 644 animi
1179 591 1287 645 natura
1304 581 1385 643 3773-

242 686 292 742 733
363 679 511 741 cturuuda
528 699 589 741 3333
604 688 635 743 37
649 689 746 749 metus
761 686 952 746 illusores...
966 685 1109 763 upeudua.
1133 706 1164 748 v.
1178 687 1240 748 532
1251 690 1385 748 mortalis

241 783 417 845 hubauduat.
454 803 486 844 v.
511 782 569 844 735
595 787 651 845 hoc
674 794 776 846 tamen
797 792 843 847 est
862 794 897 847 ut
920 787 1284 868 quaerendumuideutuu
1305 793 1385 850 3773

242 890 401 949 discrimen
416 885 573 965 upuudum.
604 906 635 946 v.
654 887 714 948 819
730 892 824 968 magis
841 893 1018 951 immortalis
1033 889 1209 952 dudeuduet.
1236 913 1267 952 v.
1287 891 1382 953 10753

243 1012 318 1071 quae
337 996 431 1052 restat
452 1012 579 1071 cumque
593 988 753 1049 33333373.
786 989 838 1053 sic
855 997 943 1053 recte
959 990 1137 1054 Lambinus
1153 1013 1210 1076 pro
1226 988 1381 1054 3333373.

242 1090 303 1168 IV,
316 1094 393 1155 1183
410 1097 516 1154 borum
525 1096 704 1154 intestinum
714 1098 839 1174 quodvis
849 1099 936 1176 quale
947 1120 1009 1158 esse
1017 1095 1240 1174 putandumst!
1263 1117 1297 1158 v.
1310 1098 1381 1158 2503

242 1201 320 1258 illud
334 1201 366 1258 73
381 1199 427 1257 his
442 1199 531 1257 rebus
549 1199 671 1257 minime
687 1200 823 1259 mirabile
838 1197 1042 1259 7373373337.
1073 1219 1104 1258 v.
1124 1200 1221 1260 1095:
1239 1203 1284 1260 nil
1301 1202 1384 1262 datur

243 1304 275 1362 in
290 1323 396 1380 eorpus
411 1305 529 1379 praeter
543 1303 700 1360 simulacra
704 1297 887 1382 sedeuduuc.
919 1299 961 1376 V,
979 1302 1034 1361 66:
1058 1286 1134 1364 ratio
1155 1300 1316 1362 reddunda
1336 1300 1381 1362 377.

243 1423 274 1463 v.
294 1401 370 1463 2293
394 1423 448 1463 333
469 1398 606 1482 3373333
627 1400 826 1462 uddu'deuduat
847 1407 941 1465 almae
962 1407 1086 1465 nutricis
1107 1408 1218 1466 blanda
1234 1411 1327 1486 atque
1345 1409 1381 1467 in-

243 1510 338 1566 fracta
367 1507 505 1585 loquella.
545 1501 604 1578 VI,
631 1505 671 1565 82
701 1509 797 1566 multa
825 1539 855 1551 -
884 1509 954 1566 3337
984 1505 1132 1567 oruuudu.
1172 1529 1202 1568 v.
1230 1508 1283 1569 84.
1311 1508 1382 1569 3743

244 1615 402 1688 propterea
415 1611 492 1668 treta
507 1614 577 1668 sunt
595 1611 668 1669 haec
683 1612 753 1669 anni
772 1606 993 1686 uomu'uu'tuudu.
1024 1629 1055 1669 v.
1076 1608 1134 1670 779
1152 1630 1219 1691 sq.:
1244 1634 1300 1672 nec
1320 1618 1385 1672 sunt

244 1714 341 1772 multa
362 1733 464 1791 parum
486 1717 571 1772 tactu
592 1709 720 1771 vt'tuudu
738 1730 834 1791 neque
850 1719 950 1772 autem
966 1721 1087 1792 aspectu
1098 1710 1257 1794 suuieudu
1272 1736 1385 1794 sapore·

246 1837 303 1895 que
318 1817 417 1875 tristia
432 1837 506 1894 quae
522 1817 591 1875 sint.
617 1835 647 1874 v.
667 1814 744 1874 828:
761 1816 804 1875 ibi
819 1818 859 1875 sit
874 1837 993 1895 quoque
1007 1818 1071 1875 vita
1086 1813 1239 1875 uoueuda.
1261 1837 1295 1876 v.
1308 1816 1384 1877 1230

245 1921 328 1980 Illud
348 1921 380 1979 in
401 1921 447 1979 his
467 1920 555 1979 rebus
574 1915 775 1978 3733333733
790 1939 970 1997 magnopere
986 1941 1079 1979 unum
1096 1921 1301 1981 aerumnabile
1318 1926 1384 1981 erat.

245 2019 287 2081 In
302 2039 369 2081 aco.
388 2039 417 2082 c.
433 2016 492 2081 inf.
515 2017 562 2095 II,
579 2020 619 2082 41
642 2043 710 2081 nam
731 2024 810 2101 quod
830 2043 916 2101 saepe
932 2024 1067 2082 homines
1082 2024 1200 2082 morbos
1215 2026 1314 2100 magis
1331 2041 1386 2082 3333

246 2122 391 2184 77333733
462 2127 571 2185 ferunt.
598 2143 629 2183 v.
648 2124 708 2185 616
724 2126 864 2203 indignos
880 2141 942 2182 3333
951 2122 1116 2200 putandae.
1141 2121 1207 2199 III,
1226 2125 1288 2185 866
1304 2128 1385 2186 nobis

245 2232 290 2290 nil
304 2246 366 2287 3333
380 2231 412 2288 73
425 2235 522 2288 morte
537 2224 710 2287 tu'meuduu.
732 2263 764 2271 -
789 2223 885 2307 Apud
906 2224 1098 2305 gerundium
1120 2230 1154 2286 et
1173 2223 1386 2306 gerundivum

247 2350 310 2412 qua
332 2326 518 2390 conditione
540 2327 676 2390 verbum
696 2332 739 2388 337
760 2325 868 2388 omitti
888 2326 1004 2409 possit,
1025 2326 1099 2389 vide
1121 2349 1217 2409 supra
1238 2348 1311 2410 cap.
1328 2325 1385 2389 VI.

246 2430 404 2513 Exempla
420 2429 586 2493 coniuncti
602 2452 675 2492 oum
690 2429 846 2512 gerundio
861 2428 952 2492 verbi
962 2428 1161 2492 substantivi
1171 2430 1386 2505 sunthaecce.

246 2533 275 2613 I,
294 2536 353 2598 131
371 2533 412 2596 36
427 2532 586 2595 uidendum
601 2554 640 2596 ex
650 2531 920 2595 antecedentibus
931 2539 974 2594 337
984 2538 1094 2594 mente
1105 2532 1385 2615 estrepetendum.

247 2661 278 2700 v.
295 2640 356 2700 465
374 2641 573 2701 videndumst.
605 2635 665 2713 VI,
683 2637 743 2699 647
761 2657 809 2717 sq.
830 2641 923 2699 Hisce
938 2640 996 2698 tibi
1010 2642 1041 2698 in
1057 2640 1145 2698 rebus
1166 2641 1255 2699 137337
1271 2641 1386 2718 alteque

247 2741 407 2803 uidendum
422 2748 453 2802 et
468 2776 497 2785 -
513 2739 741 2820 dispiciendum.
764 2739 793 2816 I,
806 2742 865 2801 205
881 2744 1075 2802 fatendumst.
1099 2761 1129 2800 v.
1141 2741 1214 2801 462.
1235 2737 1385 2815 ΙΙ,1084.

247 2843 308 2922 IV,
321 2846 393 2906 526.
411 2841 471 2920 71,
484 2844 554 2906 697.
572 2842 601 2920 I,
613 2844 674 2905 382
691 2847 891 2906 dicundumst.
920 2841 990 2919 V‚8
1007 2847 1167 2905 dicendum
1183 2849 1237 2904 est.
1261 2840 1304 2919 V,
1317 2843 1385 2903 513.

249 2946 308 3026 71,
327 2950 387 3010 980
410 2953 490 3030 quod
512 2945 669 3008 dicendum
689 2951 770 3028 prius
792 2966 853 3006 3333
870 2951 998 3008 videtur.
1029 2944 1076 3021 H,
1094 2947 1133 3007 36
1150 2950 1321 3007 cubandum
1337 2953 1387 3008 est.

249 3073 279 3113 V.
305 3053 386 3113 1052
408 3056 492 3113 33113
517 3056 576 3114 iam
595 3057 683 3132 pacto
704 3054 765 3113 veri
784 3054 880 3112 simile
901 3072 963 3111 esee
979 3048 1190 3128 putandumst.
1225 3046 1293 3124 III,
1318 3048 1386 3110 310.

250 3157 310 3217 668
331 3159 457 3218 mortale
478 3163 638 3235 utrumque
651 3152 863 3233 putandumst.
894 3174 925 3213 v.
944 3153 1015 3212 686.
1039 3152 1110 3212 688.
1133 3152 1205 3212 802.
1223 3152 1296 3212 926.
1328 3148 1387 3225 IV,

240 3251 322 3321 676.
346 3259 417 3320 773.
435 3258 507 3318 922.
540 3255 580 3332 V,
598 3257 670 3320 302.
689 3256 760 3318 643.
780 3256 840 3317 752
862 3259 919 3317 7757
945 3291 975 3299 —
995 3252 1207 3333 putandumst.
1239 3251 1300 3331 VI,
1319 3255 1387 3316 246.

251 3363 323 3424 262.
346 3363 419 3423 541.
443 3362 516 3422 665.
539 3361 612 3422 905.
647 3357 712 3435 III,
735 3360 795 3421 836
816 3380 864 3440 eq.
891 3367 1026 3420 utrorum
1051 3360 1088 3418 ad
1112 3379 1204 3437 regna
1227 3356 1390 3418 uadeuduu

250 3468 388 3528 omnibus
408 3468 544 3526 humanis
565 3467 648 3525 33337,
679 3483 710 3523 v.
733 3463 793 3524 909
816 3465 1017 3544 quaerendum
1039 3468 1093 3522 337.
1124 3457 1165 3535 V,
1188 3461 1248 3520 590
1269 3483 1331 3521 333
1352 3461 1391 3519 eet

251 3567 431 3630 utruuduu.
468 3564 528 3643 VI,
550 3567 610 3628 919
635 3574 666 3629 37
684 3570 811 3628 nimium
833 3569 930 3645 longis
950 3567 1125 3643 ambagibus
1146 3565 1189 3623 337
1210 3561 1389 3622 adeundum.

253 3671 356 3754 Saepe
378 3692 396 3732 a
411 3667 564 3732 Lucretio
587 3667 806 3731 nominativus
822 3663 971 3749 gerundii
987 3664 1197 3747 coniungitur
1211 3684 1287 3725 cum
1303 3683 1393 3725 accu-

253 3771 358 3836 sativo
384 3771 515 3836 obiecti.
554 3771 606 3834 Sic
628 3771 656 3848 Ι,
679 3774 755 3835 1113
782 3776 921 3832 33733333
945 3775 1086 3851 quoniam
1108 3787 1220 3848 poeuua
1244 3770 1276 3830 in
1300 3776 1393 3829 morte

253 3878 454 3940 tdueuduuat.
485 3900 516 3939 v.
535 3878 611 3939 1383
633 3875 728 3947 multu
748 3879 833 3937 novis
853 3876 951 3936 verbis
972 3875 1145 3954 pracsertim
1166 3895 1233 3933 cum
1249 3868 1290 3931 377
1306 3890 1393 3949 3933-

254 3981 333 4043 duu.
366 4002 397 4043 v.
415 3982 491 4043 381:
515 3973 567 4044 aut
586 3984 681 4062 igitur
703 3987 788 4041 motu
804 3975 1018 4057 privandumst
1033 3995 1156 4055 ccupare
1172 3993 1318 4066 quaeque.
1349 3970 1393 4047 ll,

128 4166 134 4176 ι
253 4087 330 4148 4923
348 4089 519 4148 addendum
534 4089 627 4166 partis
643 4087 715 4145 alias
731 4087 796 4146 erit.
827 4102 858 4141 v.
877 4080 959 4141 1129
975 4104 1080 4141 manus
1097 4082 1228 4141 dandum
1245 4084 1299 4139 est.
1331 4073 1393 4151 HI,

254 4189 330 4251 3913
362 4213 455 4270 usque
485 4191 558 4249 adeo
588 4192 669 4269 prius
700 4190 743 4246 337
772 4189 804 4246 73
833 4187 919 4245 nobis
942 4182 1039 4243 33773
1064 4181 1199 4243 37333733
1227 4177 1285 4262 (373
1310 4185 1395 4241 reete

254 4290 416 4354 Aventius
431 4311 488 4374 pro
505 4289 632 4371 cteudo).
658 4311 690 4350 v.
707 4286 783 4349 6263
801 4291 943 4368 quinque,
960 4294 995 4349 ut
1010 4289 1125 4368 opinor,
1141 4281 1396 4366 euufuctuuduu

255 4400 298 4456 337
319 4399 454 4458 sensibus
474 4397 604 4454 auctum.
638 4414 670 4454 v.
688 4392 760 4453 926.
778 4388 839 4467 17,
859 4389 917 4452 777
935 4410 984 4469 sq.
1006 4388 1161 4468 uultuque
1176 4389 1263 4448 nobis
1279 4385 1397 4445 373333·
