2874 4934
246 381 510 425 cosrurrcrrorss
534 382 808 426 eormrrosiers.
841 383 923 442 srvis,
950 384 1019 427 see.
1147 367 1207 430 197

53 557 147 634 ignis;
168 550 231 612 rive
250 556 307 632 ipsi
329 576 445 633 serpere
466 562 601 634 possunt.
634 575 664 613 v.
683 555 743 615 575
762 575 810 634 sq.
833 558 894 617 sive
920 591 948 598 -
974 560 1045 618 sive.
1077 577 1107 616 v.
1128 559 1210 618 1244·

55 677 126 737 sqq.
145 680 198 718 seu
217 692 249 701 -
270 660 331 718 sive
352 692 383 700 -
404 660 466 718 sive
487 693 518 699 -
539 661 609 718 sive.
646 654 706 732 VI,
726 658 807 719 1018
824 661 886 719 sive
907 694 938 701 —
959 662 1030 720 sive.

139 758 167 842 β)
192 756 301 819 Semel
322 755 349 818 si
368 754 511 840 ponitur,
534 756 647 820 eadem
669 756 752 819 ratio
774 757 977 821 intercedere
998 765 1109 842 potest
1124 758 1211 823 inter

54 859 118 922 duo
136 859 292 937 membra,
311 867 409 942 atque
426 865 533 936 antea,
557 858 614 922 ubi
634 859 667 922 in
690 860 796 944 priore
812 861 958 924 membro
974 862 1037 924 sive
1053 861 1209 925 omissum

54 983 125 1025 esse
151 961 258 1024 dicere
285 968 392 1045 potes,
419 961 476 1024 sed
502 962 630 1046 saepius
655 963 802 1026 membra
820 985 887 1026 non
909 971 987 1026 sunt
1007 964 1155 1047 aequalia
1176 973 1210 1028 et

55 1064 191 1147 corrigit
213 1065 305 1146 quasi
325 1065 387 1126 sive
407 1063 576 1128 notionem
598 1073 696 1128 antea
715 1068 888 1149 prolatam.
921 1066 992 1129 Hoc
1014 1065 1041 1128 si
1057 1067 1105 1144 fit,
1128 1090 1209 1130 non-

54 1190 221 1250 nunquam
236 1167 402 1231 adduntur
410 1168 528 1248 potius,
545 1169 620 1231 adeo
630 1168 750 1250 potine,
768 1170 859 1232 etiam
868 1170 985 1250 potius.
1011 1169 1040 1248 I,
1053 1173 1129 1233 861:
1147 1170 1210 1233 rive

55 1278 136 1337 eibos
161 1278 257 1334 omnis
283 1277 443 1335 commixto
469 1296 591 1354 corpore
615 1278 719 1349 dicent
743 1298 815 1337 esse.
854 1296 886 1336 v.
912 1276 988 1336 955:
1015 1279 1097 1355 quod
1120 1279 1209 1337 inane

56 1384 238 1459 repertumst
258 1396 310 1437 seu
331 1380 413 1438 loeus
435 1400 468 1438 ae
483 1381 624 1458 spatium.
655 1375 716 1454 VI,
736 1378 829 1440 1003.
861 1375 928 1454 III,
948 1378 1019 1440 133.
1038 1379 1100 1439 554
1116 1398 1206 1459 sqq.:

55 1485 95 1543 sie
110 1484 228 1542 animus
244 1503 342 1561 perse
358 1504 419 1541 non
435 1484 503 1559 quit
518 1484 582 1542 sine
598 1504 720 1562 corpore
736 1488 768 1543 et
783 1485 848 1563 ipso
864 1505 927 1543 esse
942 1485 1074 1556 homine,
1095 1518 1125 1526 -
1146 1480 1209 1543 rive

55 1587 137 1646 aliud
159 1586 234 1664 ¹quid
259 1587 302 1643 vis
321 1580 429 1661 portus
453 1587 643 1645 coniunctius
668 1588 695 1645 ei
719 1589 840 1665 fingere.
871 1582 900 1659 I,
920 1586 1020 1646 1019:
1047 1581 1109 1643 sive
1134 1583 1208 1645 adeo

50 1685 156 1766 potius
171 1709 336 1766 numquam
352 1695 492 1748 concreta
507 1695 636 1749 creasset
652 1691 745 1748 ullam
760 1711 832 1748 rem.
863 1685 924 1764 IV,
942 1687 1019 1749 356:
1038 1691 1100 1749 sive
1116 1691 1208 1750 etiam

56 1794 164 1870 potius.
