2874 4934
240 379 301 438 188
484 396 527 438 00
549 396 670 440 usone.
696 396 734 438 uu
756 395 957 439 0100000000.
991 396 1063 440 oar.
1080 371 1151 440 xia.

239 570 293 626 vis.
320 563 373 624 Sic
389 563 526 626 Lachm.
545 586 601 647 pro
619 569 720 648 01000.
747 564 789 641 V,
808 567 881 627 515.
900 567 973 628 892.
992 567 1065 628 913.
1085 567 1178 629 1026.
1198 567 1280 629 1061
1299 575 1395 629 metus

240 671 295 727 001
314 671 409 729 (10100.
440 689 472 728 v.
491 669 585 730 1068.
610 666 690 730 1071
712 691 780 729 eum
802 672 911 730 deserti
933 673 1106 731 baubantur
1124 674 1156 731 in
1175 673 1318 746 aedibus,
1342 674 1396 730 001

239 793 308 830 cum
332 773 479 851 plorantis
504 775 628 850 fugiunt
654 774 812 833 summisso
837 794 960 852 corpore
985 775 1098 852 plagas.
1128 793 1160 832 v.
1178 773 1276 834 1159.
1301 772 1393 834 1331.

240 870 300 947 111,
318 873 370 934 87.
394 874 465 934 106.
490 874 561 934 114.
586 874 647 935 162
669 877 745 954 10010
765 878 820 933 001
841 878 962 936 ferrum.
994 895 1025 934 v.
1045 875 1117 936 191.
1143 876 1222 936 2810
1247 879 1321 937 inde
1345 878 1395 936 ubi

240 978 388 1055 percaluit
402 978 541 1054 gravida,
565 979 620 1034 001
647 980 692 1037 vis
710 980 790 1056 ignis
812 983 844 1038 et
859 999 926 1038 acer
940 981 1072 1058 impetus
1088 980 1212 1038 incessit
1227 980 1311 1038 cett.
1343 973 1396 1036 Sic

238 1074 375 1137 Iraehm.
398 1097 456 1158 pro
476 1081 496 1138 1.
514 1101 542 1138 0.
560 1101 588 1157 p.
604 1082 703 1157 gravis
724 1083 852 1140 ventivis
873 1082 936 1159 igni
959 1084 1091 1161 impetus
1106 1083 1239 1141 incessit.
1271 1099 1304 1139 v.
1322 1078 1394 1140 383.

239 1180 313 1240 514.
331 1178 403 1240 657.
424 1179 495 1241 746.
514 1179 590 1241 8970
609 1204 669 1260 quo
685 1205 753 1242 cum
769 1186 954 1243 conveniunt
969 1185 1024 1242 001
1043 1187 1075 1244 10
1090 1186 1191 1244 taedai
1207 1205 1332 1264 corpore
1348 1185 1397 1242 ad-

238 1286 373 1343 haerent.
407 1282 468 1342 001
484 1279 587 1363 prima
602 1302 702 1342 manu
717 1303 783 1343 non
800 1282 901 1344 habet
918 1282 1093 1365 oblongus.

324 1384 351 1465 δ)
374 1382 447 1445 Hoc
464 1404 525 1444 usu
540 1389 653 1465 potest
669 1383 769 1447 etiam
779 1384 959 1448 secundum
971 1392 1005 1447 et
1014 1385 1150 1447 tertium
1160 1391 1216 1446 001
1226 1384 1394 1467 subiungi.

239 1484 287 1562 11,
304 1487 365 1548 437
383 1506 446 1567 00.,
463 1507 495 1548 v.
513 1487 656 1548 Pollium
672 1485 794 1549 Philol.
814 1487 942 1565 XXVI,
960 1511 993 1571 p.
1007 1491 1079 1565 316,
1097 1485 1234 1550 0510010
1250 1488 1397 1550 membra

240 1586 389 1649 subiecta
413 1594 492 1650 0000
516 1588 611 1652 010001
635 1590 694 1652 001.
725 1589 768 1667 V,
786 1593 846 1659 135
872 1596 904 1653 10
924 1595 1023 1672 000100
1045 1595 1100 1652 001
1121 1596 1231 1653 umeris
1254 1596 1311 1653 001
1331 1596 1396 1654 imis

240 1694 371 1753 calcibus
387 1715 459 1755 esse.
491 1713 523 1754 v.
543 1695 603 1755 142
620 1715 686 1775 sq.:
710 1697 848 1775 putribus
869 1698 902 1755 in
923 1697 1020 1774 glebis
1040 1702 1188 1756 terrarum
1208 1699 1397 1756 0010011010

182 1817 186 1823 ’
238 1798 303 1873 igni
320 1798 422 1856 00110
438 1819 516 1877 0000
531 1800 638 1859 durare
654 1800 794 1858 00101010
810 1801 940 1859 00050010
957 1801 1025 1860 0010.

324 1897 347 1977 a)
371 1895 519 1978 Utraque
544 1895 665 1975 forma,
696 1903 730 1959 et
754 1896 922 1980 duplicata
947 1904 981 1960 et
1005 1897 1160 1981 simplex,
1194 1897 1336 1960 assumit
1359 1897 1395 1960 ad

240 2019 372 2060 sensum
396 1998 501 2081 magis
527 1999 760 2062 declarandum
784 1999 980 2083 particulam
1005 2000 1107 2078 010000,
1133 1999 1322 2083 diciturque
1346 2005 1395 2062 001

240 2100 342 2162 etiarn.
359 2139 390 2148 -
411 2100 585 2164 Lucretius
602 2109 739 2186 usurpat
754 2108 809 2164 001
824 2102 915 2164 etiam
930 2102 965 2165 in
980 2102 1123 2166 transitu
1139 2102 1179 2165 ad
1190 2101 1291 2164 aliam
1305 2125 1395 2185 argu·

240 2203 478 2266 mentationem
499 2203 772 2268 antecedentibus
795 2204 991 2289 oppositam.
1024 2204 1078 2267 Sic
1099 2203 1252 2267 Handius
1276 2229 1309 2288 p.
1328 2209 1393 2282 555,

241 2304 296 2386 qui
312 2290 408 2367 011000
422 2305 485 2384 IV,
498 2309 575 2371 935:
598 2316 816 2390 proptereaque
832 2315 955 2372 1000000
971 2333 1074 2371 omnes
1090 2313 1242 2372 00100010
1259 2318 1333 2373 0000
1347 2313 1395 2370 001

240 2408 331 2469 eliam
347 2415 468 2472 conchis
485 2415 540 2471 001
552 2416 629 2473 00110
639 2416 694 2472 001
704 2417 815 2474 cortice
825 2420 934 2488 tectae,
950 2409 1030 2472 item
1040 2409 1070 2488 1,
1083 2412 1180 2473 10120
1197 2415 1393 2493 ipsamodum

239 2536 327 2593 porro
343 2516 401 2574 sibi
415 2537 515 2575 rerum
531 2538 647 2576 summa
662 2537 765 2595 parare
780 2539 819 2577 ne
834 2519 939 2596 possit,
955 2521 1064 2576 000000
1078 2521 1165 2577 00000
1179 2538 1258 2596 0000
1275 2520 1340 2578 etc.
1362 2551 1388 2561 -

240 2614 409 2676 00101000
425 2621 615 2695 alterutrum,
636 2622 694 2679 nisi
713 2622 866 2695 terminet,
887 2623 1016 2680 alterum
1036 2641 1139 2679 eorum
1155 2622 1220 2679 etc.
1254 2616 1341 2681 Vide
1358 2617 1391 2680 de

240 2717 301 2777 hoc
326 2738 423 2779 versu
446 2716 705 2780 Lachmannum.
743 2719 839 2782 Adde
860 2718 903 2798 V,
920 2722 982 2783 352
998 2741 1070 2802 sqq.
1093 2727 1197 2782 aut-
1218 2729 1323 2783 aut-
1346 2728 1391 2784 ant

239 2825 339 2882 etiam.
371 2819 432 2897 VI,
451 2821 533 2883 1197
550 2842 618 2902 sq.:
645 2831 811 2904 octavoque
835 2860 867 2869 —
892 2828 1006 2886 lumine
1030 2822 1102 2886 solis
1126 2827 1181 2885 001
1205 2822 1299 2884 eiiam
1321 2845 1391 2887 0000

238 2926 407 2986 reddebant
423 2928 561 3006 lampade
577 2911 681 2988 vitani.
713 2924 766 2988 Sic
784 2931 985 2988 correctores
1002 2930 1130 2987 veteres
1146 2946 1204 3008 pro
1220 2924 1289 2988 aci.

323 3024 357 3086 5.
392 3024 456 3088 Vel.
493 3025 548 3088 Vel
575 3065 606 3074 —
637 3029 688 3090 001
708 3027 738 3106 1,
760 3030 838 3091 834:
864 3034 1005 3110 augmine
1030 3027 1080 3089 001
1101 3032 1208 3108 grandi
1233 3029 1284 3090 001
1308 3052 1391 3112 parvo

130 3161 133 3167 ·
238 3132 377 3210 denique.
403 3128 450 3206 11,
462 3132 524 3193 435
536 3150 585 3211 sq.
612 3128 739 3193 Quater
754 3129 898 3212 positum
916 3129 1217 3208 00011,963-965.
1250 3128 1391 3215 Simplex

237 3233 287 3292 001
309 3231 470 3314 reperitur
494 3231 535 3309 V,
559 3235 632 3295 595.
657 3234 729 3296 766.
761 3231 967 3296 Intensivam
992 3233 1094 3296 habet
1119 3231 1391 3315 significationem

238 3332 305 3410 Ill,
324 3336 402 3397 353:
428 3334 478 3396 001
500 3341 673 3398 manifestas
698 3361 744 3398 res
768 3345 874 3398 eontra
897 3360 1041 3418 verasque
1064 3346 1224 3419 repugnat.
1256 3335 1298 3413 V,
1323 3337 1390 3398 383.

239 3438 299 3498 621
316 3437 366 3498 vel
380 3461 448 3499 cum
465 3443 577 3520 primis.
604 3439 654 3499 De
671 3437 909 3521 compositione
925 3440 973 3527 001
988 3439 1035 3501 011
1050 3461 1081 3501 v.
1095 3459 1165 3522 cap.
1177 3438 1235 3502 HI
1251 3437 1327 3500 BII
1338 3459 1355 3500 c
1365 3466 1390 3504 0.

325 3559 352 3600 c.
383 3537 434 3600 Ve.
471 3538 511 3601 Vc
531 3578 563 3586 —
583 3526 777 3623 sepositum
794 3540 922 3618 000111,
941 3543 1001 3604 297
1025 3546 1281 3624 01100000005100.
1315 3541 1392 3604 sim·

115 3670 121 3683 ·
239 3640 315 3723 plex
331 3662 375 3718 oe,
394 3664 457 3724 quo
474 3641 566 3705 notio
583 3643 742 3725 quaedam
759 3642 950 3726 adiungitur
965 3642 1021 3706 alii
1031 3641 1158 3705 notioni
1172 3665 1392 3727 praegressae,

238 3741 290 3804 his
307 3742 404 3805 locis:
429 3744 457 3822 I,
477 3748 516 3808 56
533 3768 583 3828 00.
606 3751 685 3810 unde
706 3752 803 3810 omnis
825 3757 933 3810 natura
954 3755 1035 3810 creet
1056 3771 1154 3810 res-
1175 3766 1272 3829 quove
1294 3753 1393 3812 eadem

238 3872 356 3908 rursum
378 3856 486 3911 natura
507 3858 663 3932 perempta
678 3854 818 3913 resolvat.
850 3851 975 3912 Seneca
990 3848 1024 3911 in
1040 3871 1091 3933 ep.
1109 3848 1204 3912 XCV
1220 3848 1309 3911 hunc
1326 3870 1392 3912 ver·

239 3971 311 4010 sum
332 3950 469 4012 afferens
486 3959 609 4034 Quoque
630 3958 734 4015 eadem
749 3978 860 4017 rursus.
892 3975 923 4015 v.
941 3955 1020 4016 410:
1043 3957 1165 4034 quodsi
1181 3957 1310 4035 pigraris
1327 3978 1392 4036 pau·

238 4057 338 4114 lumce
361 4057 536 4117 abscesseris
560 4060 597 4117 ab
622 4080 662 4119 re.
698 4077 728 4116 v.
757 4057 832 4119 709:
859 4080 993 4119 umorem
1018 4060 1071 4136 qui
1095 4079 1225 4137 cumque
1249 4064 1393 4138 putarunt

238 4162 350 4236 fingere
365 4181 412 4219 res
428 4162 526 4238 ipsum
542 4182 595 4239 per
610 4183 651 4236 se,
667 4169 814 4222 terramve
829 4183 928 4222 creare
944 4163 1053 4221 omnia.
1078 4156 1126 4235 Il,
1146 4158 1227 4230 1097
1239 4179 1313 4241 000.
1331 4163 1393 4242 0010

239 4263 333 4341 (00010
354 4263 413 4338 000)
435 4297 466 4305 -
487 4265 608 4340 ignibus
629 4267 770 4324 aetheriis
789 4270 883 4324 terras
903 4267 1004 4325 suffire
1025 4297 1056 4307 -
1076 4265 1216 4324 omnibus
1236 4265 1306 4324 1000
1324 4267 1392 4325 10010

240 4387 301 4425 0000
326 4368 409 4427 omni
432 4372 568 4444 tempore
593 4375 703 4450 presto.
735 4364 802 4442 111,
825 4366 865 4426 34
886 4369 971 4426 etv.
996 4366 1055 4427 769
1077 4384 1173 4446 00000
1191 4372 1293 4446 modo,
1317 4362 1391 4435 10001
