2874 4934
225 327 266 388 32
629 340 801 385 sursulus.
828 341 901 385 666.
925 341 977 385 111.

224 512 348 573 6666666
368 548 400 556 -
421 514 624 573 succumbere.
656 508 723 586 ΙΙΙ,
744 511 819 572 783:
843 535 941 593 neque
961 517 1093 575 1666666
1113 517 1307 575 contendant
1321 518 1390 577 viri·

223 612 394 676 66611666.
416 635 448 674 v.
462 615 540 676 830:
559 617 615 675 Nil
624 617 718 692 igitur
734 637 813 675 mors
830 623 876 695 est
891 618 929 676 ad
946 638 999 676 nos
1015 638 1113 696 neque
1128 621 1265 697 pertinet
1278 613 1387 677 helam

226 739 257 778 v.
276 717 354 778 867:
373 740 470 797 neque
486 714 583 776 hilam
599 719 725 777 differre.
760 713 822 791 IV,
841 717 919 778 379:
938 721 1003 779 Nec
1019 728 1120 780 tamen
1137 722 1187 780 hic
1202 721 1309 781 oculos
1325 722 1389 781 falli

224 824 416 883 concedimus
429 817 535 878 117666.
559 839 591 878 v.
605 820 682 880 515:
700 822 725 880 si
740 855 772 863 —
787 823 938 881 claudicat
952 818 1060 880 hilam.
1077 841 1109 881 v.
1124 821 1223 882 1268:
1242 844 1299 884 nec
1316 824 1389 883 mol·

224 928 267 986 les
292 927 361 1004 opu’
386 929 458 983 sunt
482 931 582 982 motus
608 925 750 982 uxoribus
773 920 880 982 hilum.
919 919 979 999 VI,
1007 923 1068 985 576
1092 928 1238 986 vacillant
1267 959 1299 969 -
1329 928 1387 987 ins

221 1025 385 1105 perditum.
422 1021 587 1084 Deindet
575 1027 637 1084 tam
663 1027 749 1084 etr
720 1045 820 1106 6666.
862 1023 929 1101 III,
954 1026 1029 1086 lzt
1017 1029 1079 1086 tam
1102 1030 1217 1089 olerum
1242 1030 1385 1089 extollere

224 1133 336 1190 lumen.
372 1127 750 1188 6366666166116666.
791 1128 1383 1192 6695666261666666666666666166

224 1228 286 1306 IV,
307 1231 405 1292 1245:
423 1238 476 1290 aut
492 1253 552 1291 non
569 1233 631 1288 1666
647 1233 764 1310 prolixo
780 1233 920 1310 provolat
935 1234 1008 1292 ictu
1040 1228 1083 1306 V,
1101 1232 1210 1293 12:111
1227 1236 1290 1293 6666
1306 1240 1382 1294 tran·
1425 1246 1431 1281 -·'

225 1337 321 1415 quillo
347 1342 378 1394 et
399 1337 460 1392 turc
482 1336 561 1392 clara
582 1337 649 1393 luce
671 1336 792 1393 locavit.
824 1353 856 1393 v.
879 1334 958 1394 902:
983 1337 1114 1415 denique
1128 1339 1249 1396 flamma
1264 1337 1405 1417 quidem'

226 1459 295 1496 cum
311 1457 435 1516 corpora
451 1439 534 1495 fulva
548 1439 670 1495 leonum
687 1439 748 1494 iam
764 1439 860 1496 soleat
875 1435 999 1497 torrere'.
1026 1433 1092 1495 Iam
1107 1436 1204 1498 soleat
1220 1435 1380 1517 oblongus

225 1542 259 1598 et
280 1533 387 1598 olim
379 1534 541 1618 impressi,
563 1533 692 1597 vitiose
732 1535 760 1612 1,
782 1538 844 1598 343
861 1557 927 1617 sq
956 1561 1016 1600 uon
1037 1542 1156 1598 6-66
1181 1559 1282 1621 qaam,
1306 1536 1380 1601 item

227 1638 287 1715 VI,
312 1641 373 1701 116
398 1661 446 1719 sq.
473 1637 540 1713 III,
560 1639 637 1700 764·
663 1663 717 1701 666
738 1645 799 1699 tam
819 1644 927 1701 doctus
949 1664 1042 1720 equae
1063 1645 1164 1722 pullus
1185 1662 1277 1724 qaam
1298 1645 1381 1705 fortis

224 1746 294 1824 equi
315 1746 380 1806 vis?
415 1740 474 1816 VI,
498 1743 558 1802 162
581 1762 647 1821 sq.:
675 1766 772 1823 neque
798 1746 859 1802 tom
886 1746 1036 1805 condenso
1063 1767 1186 1826 corpore
1206 1748 1304 1807 nubes
1324 1765 1382 1808 6666

224 1854 344 1928 queunt
359 1865 448 1927 qaam
463 1852 536 1906 sunt
551 1847 675 1924 lapides.
707 1866 738 1904 v.
758 1846 866 1907 loazt
868 1866 915 1904 am
931 1854 1038 1906 tenues
1054 1866 1142 1927 quam
1157 1854 1230 1909 sunt
1245 1850 1386 1911 nebulae

225 1946 335 2008 Etiam
352 1945 445 2008 nullo
468 1944 642 2007 interiecto
663 1946 825 2007 vocabulo
842 1944 992 2007 61616666
980 1951 1041 2008 tom
1057 1968 1158 2030 qaam,
1179 1947 1268 2028 quod
1284 1948 1386 2031 vulgo

225 2047 427 2111 coniunctim
454 2046 619 2110 scribitur
653 2046 892 2125 s10111,916.
917 2051 1011 2111 1056.
1038 2047 1100 2126 IV,
1125 2051 1197 2113 263.
1223 2049 1388 2128 111426.

223 2155 298 2216 436.
325 2126 520 2215 9751245.
561 2150 779 2213 Memorabile
808 2157 870 2227 est,
904 2149 992 2231 quod
1021 2172 1213 2233 praegresso
1244 2173 1303 2237 qao
1334 2150 1393 2216 vel

223 2260 320 2338 pacarit
314 2276 337 2315 6
354 2253 450 2333 magis
465 2253 672 2336 respondett
674 2276 722 2314 am
737 2252 845 2332 magis,
863 2274 1028 2334 nunquam
1046 2259 1155 2316 autem
1167 2253 1252 2317 dixit
1262 2254 1391 2319 Lucre

222 2355 290 2418 tius
315 2378 404 2439 praem
428 2355 524 2435 magis
548 2361 610 2416 666
634 2355 741 2434 maffia,
769 2354 858 2436 quod
882 2353 995 2416 docuit
1016 2354 1153 2418 Lachm.
1176 2356 1218 2419 ad
1237 2357 1287 2435 II,
1310 2359 1388 2421 586.

225 2457 278 2522 Sic
295 2458 324 2534 I,
342 2460 403 2520 536
421 2479 486 2538 sq.:
510 2468 542 2521 66
562 2480 618 2542 quo
641 2483 777 2541 quaeque
798 2457 893 2535 666616
909 2463 1032 2521 cohibet
1046 2483 1093 2522 res
1109 2465 1191 2522 intus
1206 2465 1307 2536 inane,
1324 2465 1391 2522 tam

223 2561 320 2639 666616
335 2567 381 2624 his
396 2566 485 2623 rebus
502 2567 623 2642 penitus
639 2570 790 2644 temptata
809 2565 945 2623 labascit.
976 2558 1038 2636 IV,
1057 2563 1139 2624 1606
1155 2586 1215 2644 quo
1231 2569 1329 2644 magis
1348 2599 1382 2610 -

222 2674 286 2727 tam
301 2669 406 2745 magis.
432 2685 463 2724 V.
482 2665 521 2726 81
540 2685 605 2744 sq.:
623 2675 738 2747 quanto
754 2702 785 2709 -
799 2689 887 2746 mage
902 2703 934 2710 -
949 2673 1012 2726 tam
1027 2669 1132 2746 magis.
1157 2662 1219 2741 IV,
1236 2667 1298 2727 250
1310 2686 1384 2748 sqq.

223 2771 337 2849 quanto
354 2766 525 2846 ,dicesseris
552 2803 584 2812 -
611 2771 672 2826 666
693 2766 850 2846 -666916,
883 2766 944 2843 VI,
968 2768 1042 2830 101:
1065 2771 1119 2830 ubi
1140 2791 1269 2849 cumque
1288 2767 1388 2847 magis

223 2874 316 2931 denso
336 2879 408 2931 sunt
429 2874 550 2949 agmine
571 2873 675 2945 nubes,
697 2874 759 2930 6666
774 2869 870 2949 magis
886 2875 957 2933 hinc
972 2894 1083 2951 magno
1097 2876 1237 2952 fremitus
1252 2875 1289 2933 fit
1303 2894 1386 2934 mur-

223 2996 307 3034 mure
323 2996 430 3054 saepe.
442 3009 474 3017 —
499 2970 595 3051 Quam
611 2969 751 3053 primum
767 2971 901 3055 ponitur
920 2976 996 3033 ante
1019 2953 1192 3048 adiectiva,
1215 2971 1381 3050 adverbia,

198 3075 338 3151 uerba,
367 3073 407 3135 ad
435 3073 572 3156 gradum
596 3095 706 3135 corum
730 3073 1015 3151 constituendum,
1041 3072 1075 3135 in
1095 3073 1382 3138 enunciationibus

223 3177 365 3259 obliquis
382 3182 440 3238 aut
456 3175 763 3239 exclamationibus.
788 3176 836 3253 II,
848 3178 927 3240 334:
946 3181 1047 3259 qualia
1062 3183 1125 3240 sint
1141 3188 1172 3258 et
1187 3199 1276 3260 qaum
1292 3184 1382 3260 longe
1410 3212 1418 3221 ·

222 3285 369 3343 distantia
384 3285 487 3342 formis
503 3285 632 3362 percipe.
659 3278 726 3356 111,
744 3281 822 3342 972ι
840 3302 929 3362 quam
944 3279 993 3340 cil
1006 3286 1044 3343 ad
1060 3305 1114 3343 nos
1134 3316 1166 3326 -
1186 3285 1289 3344 fuerit.
1319 3279 1381 3357 IV,

224 3384 324 3445 1203:
350 3387 382 3444 16
406 3386 504 3443 triviis
529 3403 618 3463 qaam
641 3406 729 3464 saepe
754 3406 841 3445 66666
869 3420 898 3427 -
924 3387 1063 3445 tendant.
1094 3381 1147 3444 Sic
1163 3375 1303 3444 bachin.
1324 3404 1381 3467 pro

222 3506 299 3545 casm.
320 3483 362 3544 cf.
381 3483 441 3560 VI,
461 3485 538 3546 801:
557 3489 652 3560 Quam
668 3490 756 3547 facilc
771 3491 803 3547 in
818 3490 918 3548 medio
933 3491 969 3547 fit
984 3491 1031 3548 uti
1047 3491 1098 3548 des
1114 3509 1201 3567 saepe
1216 3491 1333 3550 ruinas!
1350 3484 1384 3549 in

224 3587 271 3663 II,
291 3588 389 3649 1038:
408 3592 504 3663 Quam
519 3591 577 3649 tibi
592 3592 652 3649 iam
668 3612 756 3650 nemo
771 3625 802 3633 -
818 3593 968 3670 suspicere
983 3593 1015 3650 in
1031 3593 1106 3651 caeli
1122 3592 1266 3669 dignatur
1282 3595 1384 3653 lueida

223 3694 351 3772 templa!
384 3687 417 3750 in
437 3688 465 3765 Ι,
491 3692 567 3752 164;
598 3695 710 3772 quippe
736 3697 848 3753 etenim
876 3716 966 3772 quam
988 3697 1086 3754 multe
1104 3696 1162 3753 tibi
1184 3695 1245 3754 iam
1269 3697 1384 3774 fingere

224 3801 352 3878 possunt
367 3797 494 3855 somnia!
512 3791 546 3853 in
560 3792 730 3869 VI,1080:
749 3780 856 3856 Cetera
864 3799 924 3857 iam
935 3819 1026 3876 quem
1041 3798 1139 3856 multa
1154 3798 1227 3856 11666
1241 3802 1383 3877 reperire!

194 3961 197 3968 .
223 3893 351 3958 Deinde
374 3893 553 4009 respondet
572 3916 764 3977 praegresso
788 3902 861 3970 mom
883 3897 941 3969 166,
897 3897 1039 3958 tadeo
1065 3901 1123 3958 aut
1143 3896 1381 3980 comparativo.

223 3995 290 4074 ΙΙΙ,
309 4001 343 4059 5:
361 4023 422 4060 non
438 3997 464 4059 16
466 4021 484 4059 6
501 4003 637 4062 certandi
653 4003 787 4119 cupidps
796 4020 883 4081 quam
900 4009 1023 4081 propter
1038 4024 1179 4062 amorem.
1200 3999 1260 4076 IV,
1280 4002 1382 4065 1147:

224 4124 293 4163 nam
309 4105 413 4178 vitare,
434 4106 561 4184 plagas
553 4127 585 4164 rn
601 4125 710 4163 amoris
726 4125 764 4163 ne
779 4105 932 4179 iaciamur‚
953 4127 1014 4164 non
1030 4101 1056 4162 lt
1057 4124 1076 4163 6
1093 4106 1216 4164 difficile
1232 4111 1279 4164 est
1293 4124 1385 4186 quam

224 4212 346 4285 captum
360 4208 499 4267 retibus
492 4210 565 4286 ipsis
581 4209 669 4266 exire
691 4202 910 4285 111,182sq.:
929 4210 974 4267 611
989 4204 1064 4266 odeo
1079 4210 1144 4268 fieri
1160 4210 1249 4268 celeri
1264 4211 1384 4271 ratione

224 4310 353 4383 videtur,
377 4328 466 4390 qaam
489 4312 548 4370 sibi
572 4332 656 4370 mens
679 4312 743 4370 fieri
768 4313 920 4390 proponit.
956 4307 985 4384 Ι,
1010 4309 1071 4370 198
1092 4313 1193 4390 potius
1223 4344 1254 4354 -
1281 4334 1381 4392 quam.
