2874 4934
519 395 732 441 aurucmvuu.
1139 383 1197 443 151

55 567 96 644 V,
118 570 198 630 1063
222 592 332 648 magna
360 605 390 613 —
419 573 523 630 mollia
546 574 630 631 ricta.
662 566 708 645 II,
726 571 787 631 359
811 567 912 629 crebre
937 574 1040 631 revisit
1065 567 1201 630 aliorum

54 676 226 754 poetarum
241 691 329 732 more
346 672 388 752 (v.
407 671 502 753 Synt.
520 670 617 752 prisc.
636 671 774 733 551151.
793 671 839 747 ΙΙ,
858 693 889 753 p.
908 673 981 752 202)
1004 669 1202 734 adiectivum

54 773 166 858 posuit
180 772 238 849 ita,
256 779 293 835 ut
308 794 374 834 non
389 771 518 834 differat
534 773 573 835 ab
591 773 756 836 adverbio.

139 875 174 937 b.
207 875 308 938 Genua
328 875 482 937 adiecticc'.
515 875 757 958 Nonnunquam
778 875 931 938 adiectivi
953 898 1056 959 genus
1076 898 1142 939 non
1163 876 1204 939 ad

53 979 87 1042 id
102 977 300 1041 vocabulum
315 977 595 1041 accommodatum
613 986 673 1057 est,
692 1000 755 1061 quo
771 978 976 1041 referendum
992 985 1072 1056 erat,
1090 979 1147 1041 sed
1164 978 1205 1042 ad

55 1081 145 1145 aliud
162 1079 306 1144 eiusdem
322 1079 583 1162 significationis,
601 1081 687 1164 quod
704 1081 879 1166 cogitatur.
912 1081 965 1144 Sic
980 1080 1009 1159 Ι,
1023 1084 1202 1145 188-190:

56 1184 157 1247 omnic
186 1221 216 1229 -
246 1189 467 1266 crescentesque
492 1209 586 1266 genus
614 1197 742 1249 servant.
785 1184 846 1262 Vl,
873 1187 934 1247 215
960 1210 1007 1248 eas
1036 1222 1067 1232 -
1096 1190 1205 1261 euntis,

57 1285 263 1352 referendum
285 1284 326 1348 ad
346 1291 451 1349 nubila
465 1309 497 1349 v.
516 1290 588 1350 211.
619 1287 648 1365 Ι,
667 1290 743 1351 352:
766 1294 912 1351 Crescunt
930 1287 1053 1350 cebcatc
1074 1325 1104 1333 -
1126 1293 1206 1370 quod

57 1397 141 1454 cibus
165 1396 196 1453 in
222 1390 367 1471 15155111.
390 1410 418 1451 e.
442 1390 585 1472 arbores)
607 1396 795 1454 diffunditur.
826 1390 962 1452 Lachm.
987 1391 1027 1453 ad
1047 1390 1109 1468 IV,
1128 1392 1205 1454 933:

57 1493 124 1573 „Id
140 1492 195 1555 vix
210 1491 307 1554 aliter
322 1491 387 1554 dici
401 1491 511 1575 potuit
525 1514 586 1555 nec
602 1491 698 1555 facile
715 1492 867 1571 sentitur,
889 1514 962 1556 cum
979 1517 1043 1557 non
1061 1493 1104 1556 sit
1120 1492 1208 1556 adie-

59 1603 150 1660 ctum
172 1596 206 1658 iu
228 1605 320 1657 ecc.“
351 1594 461 1658 Minus
483 1595 619 1659 offendit
639 1597 701 1658 hoc
722 1595 756 1658 in
776 1617 895 1680 genere
911 1603 1038 1674 neutro,
1057 1596 1208 1678 quoniam

60 1702 122 1763 hoc
143 1720 247 1782 genus
267 1704 319 1760 511
338 1697 532 1776 5511515515,
556 1699 643 1781 quod
665 1699 773 1762 omnia
792 1721 912 1782 genera
934 1699 967 1761 in
983 1720 1018 1762 55
1035 1698 1209 1782 complecti

59 1802 176 1887 possit.
209 1799 263 1864 Sic
278 1800 307 1878 I,
325 1802 364 1865 57
390 1807 494 1864 eadem
523 1840 552 1848 —
583 1812 737 1886 perempta
761 1808 890 1886 spectat
915 1802 955 1864 ad
977 1808 1073 1866 omnis
1099 1840 1129 1848 -
1154 1827 1210 1878 res,

60 1905 148 1989 quod
172 1903 297 1967 dictum
322 1909 374 1966 551
395 1926 426 1967 v.
445 1907 496 1967 56.
532 1903 688 1982 VI,188:
715 1889 805 1987 quam
828 1900 889 1969 sint
913 1905 979 1966 1515
1003 1910 1098 1987 magis
1122 1929 1212 1988 quam

60 2033 179 2073 sursum
189 2012 330 2073 ,55115515
352 2012 425 2090 quid
447 2016 560 2084 extent,
581 2006 786 2070 referendum
806 2007 847 2069 ad
868 2013 1007 2071 nubibus.
1039 2006 1211 2070 11515759

61 2119 193 2176 11551515
213 2115 343 2192 spectat
363 2109 404 2172 ad
424 2116 621 2193 quadripedes
642 2134 673 2174 v.
693 2112 764 2174 757.
797 2109 831 2172 si
852 2109 1050 2174 adiectivum
1069 2107 1214 2194 pertinet

62 2215 103 2277 ad
128 2212 295 2296 complura
320 2211 528 2276 substantiva
552 2212 698 2276 eiusdem
718 2212 857 2296 generis,
884 2212 1062 2276 concordat
1084 2234 1157 2275 eum
1173 2211 1213 2274 iis

61 2317 96 2381 in
111 2337 243 2400 genere,
266 2314 313 2377 sic
329 2315 390 2393 VI,
409 2319 491 2379 1098
507 2338 596 2398 sqq.:
620 2328 711 2400 atque
733 2338 768 2378 55
789 2315 835 2378 cc‘c
854 2322 1027 2381 morborum
1041 2315 1214 2397 pestilitas-

62 2446 121 2504 que
145 2429 198 2483 aut
223 2425 405 2482 extrinsecus
434 2457 465 2464 —
495 2425 631 2497 veniunt,
656 2430 710 2482 aut
732 2425 798 2502 ipsa
821 2445 908 2503 saepe
933 2425 1053 2482 coortae
1076 2425 1113 2483 de
1135 2428 1214 2482 terra

61 2533 199 2606 surgunt.
231 2520 285 2584 Sic
300 2520 436 2584 Lachm.
454 2543 512 2605 pro
529 2528 643 2596 555515,
669 2521 797 2585 55111551
819 2548 854 2586 55
868 2529 913 2586 vis
929 2529 1025 2587 omnis
1040 2527 1213 2586 morborum

61 2633 280 2711 pestilitasque.
317 2617 464 2686 Offendit
488 2623 590 2706 igitur
614 2625 701 2706 quod
724 2624 791 2703 ΙΙΙ,
813 2629 874 2689 558
896 2648 944 2707 sq.
971 2624 1096 2688 dietum
1121 2630 1172 2687 551
1196 2648 1214 2687 a

61 2734 174 2814 poeta:
193 2733 324 2810 corporis
339 2735 430 2810 atque
446 2734 538 2791 animi
553 2727 889 2809 5155155515515515151
898 2754 928 2792 se
938 2727 1099 2790 5555555515
1109 2734 1213 2792 valent

61 2839 184 2914 vitaque
218 2837 369 2894 fruuntur.
413 2831 503 2893 Loco
532 2829 594 2907 IV,
625 2833 664 2894 90
696 2852 767 2914 sqq.
799 2836 888 2894 recte
919 2828 1212 2893 Winckelmannus

61 2935 164 2998 Beitr.
188 2956 246 2996 zur
262 2931 348 2996 Krit.
366 2931 424 2995 des
440 2932 536 2995 Lucr.
555 2957 587 3017 p.
606 2936 646 2995 22
663 2954 736 2996 cum
752 2933 912 2997 Lambino
935 2931 1066 3016 scripsit
1082 2933 1213 3018 ctffccae

62 3044 185 3103 erebus
210 3075 241 3084 -
266 3042 446 3100 intrinsecus
467 3042 551 3098 55155
571 3075 602 3082 -
629 3042 759 3109 coortae,
782 3035 840 3099 ubi
859 3034 1060 3119 praecedunt
1081 3026 1213 3118 quidem

62 3147 144 3218 odor,
166 3147 276 3217 fumus,
297 3165 399 3223 vapor,
419 3139 477 3202 sed
498 3138 646 3221 sequitur
666 3137 780 3201 statim
799 3145 980 3241 atquepliae
996 3164 1052 3217 155,
1068 3139 1109 3201 ad
1125 3139 1212 3220 quod

62 3244 179 3307 deinde
201 3264 305 3325 genus
327 3241 586 3326 participiorum,
613 3263 696 3324 quae
716 3249 908 3324 sequuntur,
935 3242 1210 3307 accommodatur.

62 3346 119 3410 Sin
144 3345 368 3423 substantiva,
399 3345 439 3408 ad
464 3365 546 3427 quae
575 3344 774 3408 adiectivum
797 3345 953 3424 refertur,
985 3344 1105 3408 diversi
1134 3351 1212 3407 sunt

61 3447 202 3533 generis,
219 3448 352 3533 ponitur
367 3469 470 3531 genus
486 3452 650 3510 neutrum.
683 3448 826 3526 11‚6⁷9:
850 3455 980 3532 denique
1000 3455 1097 3512 multa
1119 3453 1212 3527 vides,

61 3558 171 3635 quibus
187 3561 218 3616 51
233 3553 314 3614 cclcc
329 3562 360 3615 51
375 3572 465 3632 cepoe
480 3576 540 3615 una
553 3551 676 3614 reddita
691 3562 763 3616 sunt
776 3577 844 3616 cum
854 3557 954 3631 odore,
970 3557 1000 3614 in
1011 3558 1103 3634 privis
1113 3558 1211 3635 plura·

62 3683 119 3739 que
136 3657 225 3718 dccc.
251 3654 403 3718 Lachmz
421 3653 481 3731 „in
496 3661 612 3716 neutro
629 3675 748 3736 genere
763 3676 830 3717 non
846 3660 896 3717 est
909 3655 1120 3731 haerendum,
1138 3676 1212 3716 cum

62 3766 144 3824 color
164 3769 195 3823 51
214 3784 301 3842 sapor
320 3783 380 3822 una
399 3784 466 3823 cum
488 3763 578 3822 odore
598 3756 665 3818 illis
684 3757 782 3821 rebus
802 3756 923 3819 15511115
939 3756 1103 3836 dieunt-ur,
1125 3756 1211 3820 utin

62 3861 129 3938 III,
148 3864 208 3925 283
224 3868 304 3926 inter
318 3888 349 3926 se
365 3867 526 3925 commixta
541 3871 648 3925 ventus
665 3870 696 3926 et
712 3869 762 3924 551
778 3869 808 3924 51
824 3866 913 3938 55151,
929 3858 1122 3943 praesertim
1138 3882 1210 3923 cum

61 3971 160 4046 poeta
179 3963 213 4025 in
233 3963 297 4028 fine
319 3963 474 4027 adiecerit
495 3965 614 4027 douc.“
645 3963 710 4041 Ill,
730 3967 784 4026 66:
809 3962 907 4043 turpis
929 3969 1009 4027 enim
1029 3970 1121 4027 ferme
1142 3985 1210 4026 555-

62 4072 190 4149 1555155
214 4077 245 4131 51
268 4068 348 4129 ceec'e
369 4072 484 4148 epestce
503 4074 613 4129 remote
635 4073 671 4131 ab
693 4073 774 4131 dulci
796 4073 859 4131 vita
878 4072 1039 4148 stabilique
1059 4072 1210 4130 videntur.

61 4192 94 4232 v.
107 4173 183 4234 136:
201 4177 291 4234 Nunc
307 4170 439 4233 acimum
454 4180 545 4253 atque
561 4170 692 4232 acimum
707 4175 774 4233 dico
791 4170 952 4232 coniuncte
966 4174 1072 4232 teneri.
1092 4191 1123 4230 v.
1137 4171 1153 4233 7
1157 4172 1208 4232 05:

62 4280 104 4337 sic
128 4273 230 4335 enimc
257 4283 348 4356 atque
373 4274 491 4334 decimae
516 4279 650 4356 quamvis
674 4273 792 4352 1515955
817 4297 919 4336 recens
942 4278 974 4335 in
997 4296 1102 4354 corpus
1128 4283 1209 4337 eunt.

62 4400 94 4441 v.
113 4380 172 4440 551
190 4399 256 4459 sq.:
274 4386 305 4440 et
320 4382 368 4440 vel
382 4382 430 4440 uti
444 4398 550 4438 555555
565 4386 618 4441 aut
633 4376 737 4438 555155
753 4397 880 4453 cercone
895 4401 1028 4444 seorsum
1043 4381 1157 4439 5555515
1173 4381 1217 4452 ab¹
