2874 4934
138 351 180 412 64
548 365 703 408 ausuros.
737 364 809 408 cnr.
826 363 873 407 rr.

138 560 270 618 corpora.
300 557 333 596 v.
352 536 428 597 620:
456 539 591 615 quamvis
616 555 652 594 35
676 554 736 594 555
760 552 876 615 quoque
899 532 963 593 5535
987 537 1033 595 sol
1056 568 1088 578 —
1113 535 1237 595 deliber
1262 568 1293 577 -

137 649 264 722 partem.
280 659 312 699 v.
325 639 403 698 634:
421 660 540 698 manare
556 661 592 698 ex
607 660 735 717 aequore
751 639 838 697 salso.
855 656 887 696 v.
900 636 978 697 944:
996 639 1101 695 535555
1115 639 1193 697 item
1209 637 1299 697 nobis

93 818 98 834 ὗ
138 761 154 802 5
170 745 231 802 5555
247 759 369 820 corpore
384 743 483 801 sudor.
503 760 535 800 v.
548 739 625 800 696:
643 758 679 798 35
694 737 748 798 hcc
763 757 857 820 caque
872 736 950 797 53355
964 740 1124 819 speluncae
1133 741 1252 800 montis
1261 738 1300 797 ad

139 848 216 906 altas
232 846 412 924 perveniunt
427 845 532 904 subter
551 845 660 902 fauces.
691 861 722 900 v.
741 841 819 902 825:
837 843 979 920 reliquias
994 844 1075 902 vitae
1097 837 1240 900 membris
1263 857 1300 899 55

139 943 274 1005 55555553
290 948 397 1005 aufert.
428 943 577 1005 v.1057:
604 950 704 1005 cessus
728 966 789 1004 non
813 945 895 1003 vales
915 961 931 1002 3
950 940 1055 1021 lapide
1073 940 1127 1002 boc
1147 945 1224 1004 alias
1244 945 1299 1003 im-

139 1050 250 1129 pellere
274 1051 348 1108 item
372 1069 427 1108 res,
467 1067 499 1106 v.
525 1047 607 1107 1253
634 1066 722 1126 sqq.:
752 1068 807 1106 nec
830 1048 987 1106 minimam
1009 1050 1128 1126 pariem
1153 1062 1189 1103 35
1214 1041 1300 1122 apris

139 1153 280 1211 maeroris
295 1153 327 1210 in
343 1152 449 1209 urbem
465 1152 609 1225 confluxifo
624 1151 716 1223 labes,
738 1171 827 1228 quem
848 1151 980 1209 contulit
994 1149 1195 1227 agricolarum
1211 1149 1299 1227 copia

140 1256 320 1315 conveniens
337 1271 373 1310 35
388 1248 469 1310 55555
484 1253 622 1312 morbida
631 1254 735 1328 55353.
1025 1316 1028 1323 ,

25 1390 27 1394 -
123 1418 127 1423 ,
225 1353 258 1435 b)
287 1351 338 1412 Dc
362 1356 435 1412 6363
461 1348 586 1433 aliquid
610 1349 757 1434 depromi
782 1348 950 1432 significas
973 1355 1008 1411 36
1032 1370 1106 1412 cum
1128 1344 1298 1432 partitivis

140 1453 331 1519 notionibus
342 1452 455 1514 iuncta
464 1452 654 1536 partitivum
669 1451 734 1515 vim
745 1474 781 1515 55
790 1451 990 1536 praepositio
1001 1450 1122 1535 accipit
1131 1450 1298 1535 (Kampm.

140 1558 164 1620 l.
182 1557 205 1618 l.
226 1580 258 1639 p.
278 1556 340 1636 14).
373 1554 440 1632 ΙΙΙ,
464 1557 541 1619 718:
568 1563 604 1617 ub
625 1560 724 1618 nullas
743 1561 838 1638 pariis
857 1560 889 1618 in
910 1579 1032 1638 corpore
1054 1559 1179 1637 liqueris
1198 1574 1237 1615 33
1256 1573 1297 1614 35.

140 1659 188 1737 ΙΙ,
207 1660 283 1721 6933
302 1662 379 1720 nulli
395 1663 475 1720 inber
490 1681 520 1719 se
536 1662 596 1719 duo
612 1662 674 1720 sini
690 1679 726 1718 35
741 1657 877 1718 omnibus
891 1656 981 1719 idem.
1014 1679 1044 1719 v.
1062 1659 1142 1727 969:
1163 1659 1300 1738 quando·

141 1766 264 1844 quidem
279 1768 437 1837 non-suni,
458 1781 494 1820 33
509 1759 584 1820 55553
606 1764 822 1842 principiorum
843 1758 1026 1840 corporibus,
1048 1783 1176 1842 quorum
1197 1766 1301 1821 molus

141 1869 277 1927 novitate
293 1867 440 1924 laborent.
472 1860 515 1938 V,
534 1863 610 1925 531:
638 1883 654 1922 3
677 1861 784 1944 quibua
808 1886 868 1924 una
889 1872 991 1924 tamen
1011 1866 1069 1924 sie‘r
1089 1866 1163 1925 haec
1178 1883 1301 1943 quoque

142 1991 230 2029 causa
245 1972 404 2029 necessest.
436 1963 497 2042 VI,
516 1965 594 2027 710:
613 1969 729 2046 aliquid
744 1989 853 2046 genere
869 1988 932 2027 3333
949 1985 985 2025 eo
999 1964 1054 2026 553
1069 1967 1152 2046 quod
1168 1967 1302 2045 conligit

142 2075 169 2131 ei
185 2075 303 2132 scimus.
335 2090 366 2129 v.
382 2063 484 2130 1066:
502 2071 601 2129 multa
616 2091 721 2149 parum
732 2087 844 2146 penore
859 2087 896 2127 55
911 2066 975 2127 loc.

229 2173 257 2253 c)
281 2170 329 2231 Eu
345 2167 503 2250 originem
524 2167 659 2246 indicat,
687 2190 750 2250 qua
775 2167 852 2250 quid
879 2166 1021 2230 efficitur
1042 2173 1076 2229 36
1096 2172 1300 2250 procreatur.

142 2273 171 2350 I,
190 2274 245 2335 61:
268 2276 350 2354 quod
370 2292 405 2331 35
425 2270 492 2332 55553
514 2269 833 2351 35553355135555553.
865 2293 897 2333 v.
917 2273 993 2333 654:
1011 2275 1137 2334 nedum
1153 2273 1304 2333 variantia

142 2399 241 2437 rerum
264 2381 352 2436 tanta
376 2381 467 2455 queat
492 2372 592 2434 5555353
617 2372 759 2455 rarisque
784 2394 820 2434 55
843 2372 964 2453 equibus
987 2393 1060 2435 5333.
1100 2394 1132 2434 v.
1160 2372 1239 2433 664:
1265 2377 1301 2433 ut

141 2482 243 2540 videas
267 2500 328 2538 non
353 2496 368 2535 3
391 2473 516 2554 35555553
533 2475 679 2554 partibus
704 2496 777 2538 5333.
808 2497 841 2537 v.
860 2476 937 2538 841:
965 2473 1086 2553 5955653
1107 2494 1143 2535 cc
1162 2478 1244 2555 ignis
1264 2510 1296 2519 -

143 2599 215 2640 5333.
242 2576 290 2654 ΙΙ,
301 2579 381 2640 4023
400 2576 546 2639 cleribus
561 2586 653 2659 atque
668 2577 813 2638 55555553
829 2598 891 2640 3333
907 2596 941 2640 ea
956 2602 1032 2660 quae
1047 2601 1151 2641 sensus
1167 2580 1301 2639 incundc

142 2691 267 2762 tangere
297 2688 433 2761 possunt.
472 2701 503 2740 v.
530 2682 609 2742 451:
641 2683 706 2742 illa'
725 2684 847 2761 quidem
877 2684 990 2742 debent
1019 2700 1035 2741 3
1064 2678 1180 2740 levibus
1207 2687 1303 2761 atque

143 2782 288 2844 55555553
304 2802 366 2843 3333
381 2787 486 2862 magis.
516 2780 672 2843 Laohm.:
694 2803 737 2858 „c
757 2781 873 2844 5355553
889 2786 982 2843 extat·
996 2780 1029 2843 in
1045 2801 1142 2843 versu
1157 2783 1222 2845 402
1238 2783 1302 2844 455

143 2887 205 2948 458
221 2887 283 2948 466
300 2890 334 2946 36
350 2883 384 2946 in
399 2884 442 2962 V,
460 2886 562 2946 455.“
591 2882 734 2960 ΙΙ,’458;
759 2889 903 2957 siminus
919 2882 1049 2945 omnibc'
1065 2888 1137 2945 3555
1153 2903 1169 2943 5
1184 2881 1304 2945 levibus

143 2997 235 3070 atque
254 2986 410 3049 55555553.
441 3008 473 3047 v.
492 2987 569 3048 463:
594 3011 655 3048 non
677 2985 858 3066 eperplecc's
874 2991 926 3049 sed
942 2984 1041 3046 555553
1056 3005 1118 3046 3335
1134 2983 1302 3046 5555555553.

144 3114 174 3153 v.
187 3093 265 3155 466:
284 3089 424 3152 clavibus
434 3096 525 3170 abque
535 3088 679 3149 55555553
690 3093 744 3149 335.
777 3111 807 3150 v.
820 3091 882 3151 485
894 3110 961 3170 sq.:
979 3093 1026 3150 fac
1042 3092 1123 3150 enim
1138 3085 1273 3148 minimis
1288 3106 1305 3148 3

137 3193 282 3273 partibus
298 3212 360 3253 5335
376 3214 499 3273 corpora
515 3196 611 3272 prima
626 3190 733 3252 555553.
761 3214 791 3252 v.
812 3191 871 3254 731
890 3213 938 3272 sq.
956 3194 1033 3252 albis
1049 3214 1084 3252 ex
1098 3225 1129 3235 -
1145 3173 1304 3271 principiis

145 3320 216 3358 esse.
236 3317 266 3356 v.
280 3297 358 3356 984:
372 3314 408 3354 55
417 3292 491 3354 55553
501 3297 606 3354 eadem
615 3298 689 3355 haec
688 3291 884 3376 facientibus
893 3297 928 3353 55
936 3291 988 3353 355.
1006 3290 1075 3364 ΙΙΙ,
1088 3294 1165 3355 2443
1184 3292 1304 3374 (extat)

145 3422 199 3461 nec
223 3402 318 3478 magis
344 3404 375 3458 36
392 3394 501 3475 parcis
525 3402 557 3456 36
581 3394 696 3456 5555553
720 3417 756 3457 35
780 3394 944 3457 5555555553.
975 3417 1008 3457 v.
1027 3396 1087 3459 267
1104 3416 1171 3477 sq.:
1199 3415 1237 3456 35
1257 3393 1305 3456 his

146 3499 280 3562 5555653
296 3503 340 3559 335
355 3523 450 3560 unum
465 3502 633 3579 perfectum
650 3503 780 3581 corporis
796 3522 934 3579 augmen.
956 3520 987 3559 v.
999 3499 1078 3560 865:
1096 3504 1170 3560 haec
1186 3501 1304 3575 cadem,

145 3601 253 3686 quibus
269 3623 284 3663 3
299 3625 380 3663 nunc
395 3621 507 3677 355553,
524 3608 595 3662 anie
611 3605 711 3663 fuisse.
732 3598 794 3677 IV,
807 3601 884 3663 399:
903 3605 1001 3663 insula
1016 3597 1186 3661 3555553553
1198 3607 1306 3664 tamen
1321 3579 1326 3588 ¹

146 3726 182 3766 35
197 3703 244 3766 553
259 3727 320 3766 una
334 3707 464 3765 videtur.
496 3725 526 3764 v.
546 3703 624 3765 627:
642 3707 782 3785 voluptas
798 3712 844 3765 336
860 3725 876 3764 3
890 3724 960 3765 3555
975 3708 1034 3766 fine
1050 3707 1153 3784 palati.
1178 3700 1221 3780 V,
1240 3704 1305 3766 455

146 3829 214 3889 sq.:
242 3827 257 3867 5
277 3804 392 3867 5555553
413 3813 504 3888 atque
525 3804 671 3866 sectandis
692 3804 855 3867 seminibus
875 3811 1033 3888 multoque
1054 3802 1214 3866 minoribc'
1231 3809 1306 3867 3555

147 3907 310 3970 3555355553.
343 3906 443 3990 Apud
458 3905 664 3968 Macrobium
685 3907 753 3969 sat.
777 3906 839 3984 VI,
858 3909 876 3968 2
899 3929 947 3980 ec,
971 3907 1011 3969 de
1033 3927 1096 3989 quo
1113 3929 1145 3968 v.
1162 3904 1304 3969 Lachm.

147 4010 188 4072 ad
203 4009 323 4072 librum
340 4009 388 4088 II,
404 4013 478 4073 451.
503 4048 533 4055 -
556 4008 616 4086 VI,
635 4010 712 4072 330:
737 4031 753 4070 3
765 4008 876 4090 parcis
896 4018 927 4072 36
943 4009 1059 4071 5555553
1075 4014 1118 4070 335
1135 4008 1304 4073 3535335553.

147 4136 179 4175 v.
191 4116 252 4176 353
264 4135 313 4195 sq.
331 4135 347 4176 5
356 4112 466 4193 porcis
477 4117 762 4194 quiefacteminule
778 4110 953 4192 corporibus
967 4118 1012 4176 vis
1028 4119 1074 4175 336
1089 4120 1121 4174 36
1136 4110 1254 4172 5355353
1271 4132 1308 4173 cc

148 4215 312 4278 3533535553.
353 4215 381 4292 Ι,
409 4218 485 4279 150¹:
515 4218 630 4277 nullam
656 4238 719 4276 rem
743 4235 759 4275 3
782 4213 847 4275 5555
867 4213 955 4295 piperi
979 4219 1124 4278 divinitus
1149 4238 1306 4296 umquam.

147 4340 180 4384 v.
192 4319 269 4381 172:
288 4327 379 4400 alque
393 4325 449 4381 hac
458 4342 489 4381 re
500 4325 655 4399 nequeunt
666 4337 701 4377 er
712 4315 847 4379 55555553
862 4316 1067 4398 omniapc'pni.
1085 4339 1117 4378 v.
1130 4319 1192 4380 835
1203 4340 1210 4377 :
1230 4343 1308 4397 ossa,
