2874 4934
471 341 571 384 norro
593 341 701 385 vnum.
733 342 952 386 annonarum.
1228 327 1288 388 121

134 507 217 570 item
239 507 417 590 quadratus
439 507 500 585 IV,
523 511 575 586 53,
597 509 761 591 oblongus
781 509 900 572 occari:
927 517 1097 594 praeterea
1116 511 1289 574 Lucretius

134 609 215 672 alibi
232 609 317 675 dixit
331 610 465 690 coporis,
482 616 625 690 copuler,
643 618 807 691 vaporetur,
824 619 967 692 cupetur:
991 634 1048 675 cur
1064 634 1142 696 ergo
1159 613 1292 676 credam

135 733 210 775 eum
231 712 334 777 semel
354 718 413 776 aut
432 711 483 774 bis
502 712 572 775 sine
595 733 692 775 causa
711 735 822 793 capere
848 715 989 778 scribere
1015 714 1169 778 maluisse
1195 738 1289 798 quam

135 819 338 880 ‘secema‘
370 814 412 892 V,
432 815 649 892 tarabosteos,
667 814 836 898 dequov.
854 816 991 879 Lachm.
1233 809 1236 814 ’

221 916 276 979 Ad
300 939 395 980 usum
421 916 687 999 deponentialem
710 917 881 981 referenda
906 917 1006 981 etiam
1026 924 1104 982 sunt
1125 919 1294 1003 complura

135 1017 310 1103 participia
324 1017 463 1101 perfecti
478 1018 601 1102 passivi
616 1041 635 1081 a
650 1019 759 1083 verbis
773 1020 890 1083 activis
901 1020 1042 1083 formata
1051 1020 1293 1103 significatione

135 1121 257 1199 activa,
284 1120 352 1183 sive
376 1119 585 1184 intransitiva
610 1120 678 1184 sive
700 1120 884 1186 transitiva.
917 1121 1090 1186 Pertinent
1110 1125 1175 1186 huc
1191 1129 1294 1186 666666

135 1225 184 1302 II,
201 1226 277 1288 448.
296 1225 373 1287 903:
395 1248 429 1287 ex
445 1230 512 1288 aliis
526 1231 638 1288 sentire
653 1225 757 1286 666666.
789 1224 851 1300 IV,
870 1227 928 1289 711
947 1237 1133 1289 consuetum.
1163 1248 1196 1289 v.
1214 1226 1291 1288 997:

136 1340 168 1391 at
184 1333 328 1390 66666666
351 1332 434 1390 domi
450 1332 618 1390 catulorum
634 1332 746 1390 blanda
761 1351 894 1410 propago
912 1333 993 1390 cett.
1025 1328 1179 1390 Lachm.:
1197 1349 1294 1405 „cco-

135 1435 242 1493 666666
257 1435 309 1492 est
325 1427 480 1511 quivixit
496 1437 570 1490 cu'm
586 1428 659 1491 aliis
679 1435 713 1492 66
728 1428 888 1513 paulatim
904 1428 1150 1493 mansuefactus
1166 1428 1296 1492 scilicet

136 1531 178 1594 ad
194 1529 383 1595 convictum
407 1537 442 1594 66
464 1529 723 1594 familiaritatem
738 1531 957 1614 perductus“
986 1531 1028 1610 V,
1047 1536 1124 1595 208:
1142 1541 1294 1597 consueta.

137 1635 197 1712 VI,
216 1636 234 1698 7
238 1635 290 1714 37-
304 1639 445 1696 consueta
471 1658 585 1697 necare.
617 1656 648 1696 v.
672 1636 772 1697 1043:
799 1640 903 1715 fugere
928 1644 1019 1717 atque
1043 1641 1128 1718 sequi
1153 1640 1295 1697 consueta

137 1743 279 1801 vicissim.
324 1736 430 1798 Cretes
459 1735 507 1814 ΙΙ,
537 1739 599 1799 366
630 1761 706 1818 quae
737 1747 846 1801 cuncta
875 1743 1011 1802 videmus
1042 1744 1146 1802 mollia
1174 1741 1297 1800 mortali

137 1847 302 1906 consistere
326 1864 450 1922 corpore
474 1844 566 1900 66666.
608 1838 669 1916 IV,
693 1841 792 1902 1228:
820 1849 1017 1923 maternoque
1041 1864 1137 1904 mares
1162 1845 1297 1904 existunt

137 1964 263 2028 corpore
281 1941 368 2005 creti.
401 1941 442 2018 V,
461 1943 495 2003 6:
519 1947 640 2005 mortali
662 1966 786 2026 corpore
807 1948 918 2004 cretas.
949 1965 980 2004 v.
1000 1945 1056 2005 60:
1081 1948 1173 2005 animi
1189 1952 1298 2009 natura

137 2055 259 2131 reperta
288 2053 334 2109 est
363 2050 467 2108 nativo
497 2051 627 2127 primum
658 2051 821 2109 consistere
852 2070 975 2128 corpore
1005 2050 1099 2107 creto.
1137 2067 1169 2107 v.
1196 2046 1294 2108 1116:

138 2156 267 2234 pulchro
292 2172 415 2230 corpore
439 2147 526 2209 creti.
558 2147 587 2223 Ι,
607 2149 689 2211 1619
712 2159 861 2225 concreta,
883 2146 964 2210 item
987 2147 1029 2225 V,
1048 2149 1121 2211 798.
1152 2145 1220 2224 III,
1239 2149 1296 2209 20:

139 2259 189 2316 nix
204 2257 267 2315 aori
283 2255 422 2313 concreto
438 2256 554 2333 pruina.
586 2249 628 2326 V,
646 2253 708 2313 466
725 2256 759 2313 66
774 2252 837 2313 468
855 2275 977 2333 corpore
993 2255 1141 2312 66666666.
1172 2272 1204 2311 v.
1221 2252 1295 2313 495:

140 2361 182 2417 sic
201 2359 300 2436 igitur
318 2361 415 2416 terrae
436 2359 571 2415 66666666
594 2377 717 2437 corpore
739 2358 856 2436 pondus
873 2359 1022 2417 constitit.
1053 2375 1085 2415 v.
1103 2354 1204 2416 1257:
1223 2376 1299 2434 quae

141 2482 209 2520 cum
234 2459 373 2517 66666666
397 2460 544 2519 ridebant
572 2493 603 2502 -
632 2461 799 2539 splendere.
835 2455 896 2534 VI,
920 2459 980 2520 159
1002 2461 1144 2520 concreti.
1175 2455 1301 2517 adultus

139 2559 309 2636 ΙΙ,1123;
332 2562 539 2640 paulatimque
561 2563 672 2640 gradus
693 2559 806 2620 6666666
821 2564 962 2623 scandere
978 2559 1115 2620 adultae.
1148 2581 1181 2620 v.
1199 2560 1297 2621 1131:
1320 2580 1324 2587 ·

139 2666 232 2724 robor
255 2659 407 2721 adultum.
438 2659 482 2737 V,
500 2663 578 2726 800:
601 2667 714 2725 maiora
739 2699 770 2707 -
796 2660 973 2743 (animalia)
995 2661 1115 2724 6616166.
1148 2683 1179 2725 v.
1198 2662 1298 2723 1225:

140 2767 257 2847 nequid
280 2767 319 2825 ob
343 2767 506 2832 admissum
531 2768 618 2826 foede
642 2769 796 2827 dictumve
816 2770 944 2847 superbe
966 2789 1130 2848 poenarum
1150 2787 1240 2844 grave
1261 2767 1301 2835 sit

141 2870 281 2932 solvendi
305 2869 421 2944 tempus
445 2865 596 2927 odollam.
634 2863 688 2928 Sic
708 2864 858 2944 Lachm,
885 2866 1057 2931 conferens
1082 2871 1168 2928 aetus
1192 2865 1301 2926 adulta

143 2968 217 3052 (IV,
231 2967 340 3049 1038),
357 2988 415 3049 pro
432 2966 607 3029 adauctam.
624 3005 654 3013 -
675 2968 793 3030 6666166
814 2997 845 3022 =
867 2989 948 3050 quae
966 2966 1068 3030 subiit
1084 2988 1149 3030 sec.
1166 2967 1301 3029 Munro·

142 3092 220 3134 nem
235 3068 374 3147 113636
393 3074 543 3132 oblectare
560 3075 694 3133 animum
708 3070 900 3153 subitumque
916 3079 1050 3134 avertere
1066 3095 1176 3134 euram.
1193 3070 1300 3153 effetus

143 3174 191 3251 II,
203 3159 306 3237 1150:
324 3177 443 3254 iamque
459 3176 534 3235 adeo
550 3177 646 3235 fracta
660 3182 705 3236 est
716 3182 807 3251 aetas,
824 3173 975 3257 effetaque
989 3179 1082 3236 tellus
1098 3179 1147 3235 vix
1162 3176 1303 3234 animalia

143 3300 237 3360 parva
260 3283 351 3339 creat.
382 3272 444 3350 Vl,
467 3276 544 3336 843:
572 3299 631 3356 quo
655 3281 751 3357 magis
776 3285 822 3339 est
845 3280 941 3357 igitur
964 3280 1055 3339 tellus
1081 3275 1169 3360 effeta
1195 3279 1301 3337 calore.

138 3382 321 3460 penetretur
345 3375 407 3453 IV,
435 3377 511 3439 670:
544 3401 619 3459 quae
643 3383 808 3457 penetrato
838 3387 956 3460 queunt
979 3403 1099 3442 sensum
1122 3382 1303 3461 progignere

144 3487 295 3547 acerbum.
324 3500 358 3540 v.
377 3481 460 3542 1246
477 3500 527 3560 sq.
550 3489 603 3542 aut
625 3488 781 3562 penetrare
802 3486 883 3544 locos
903 3504 997 3563 aeque
1019 3486 1126 3564 nequit
1147 3489 1200 3543 aut
1209 3499 1303 3560 peae-

144 3589 262 3657 trabum
271 3606 360 3664 aegre
374 3587 556 3646 admiscetur
570 3587 710 3646 muliebri
731 3588 843 3647 semine
859 3609 970 3647 semen.
995 3582 1146 3665 Denique
1161 3582 1306 3662 inpensus

143 3686 205 3764 VI,
237 3688 316 3749 491:
351 3693 515 3767 tempestas
544 3692 636 3766 atque
665 3690 808 3748 tenebrae
837 3691 995 3769 coperiant
1025 3691 1119 3748 maria
1148 3707 1181 3746 ao
1210 3693 1304 3746 terras

144 3789 274 3871 inpensa
294 3811 430 3871 superne.
462 3786 695 3849 Lachmannue
719 3786 832 3850 docuit
855 3788 990 3869 impensu
1016 3785 1081 3849 dici
1103 3806 1199 3869 posse
1222 3806 1304 3868 quae

143 3888 349 3976 impendent.

232 3993 479 4074 Nonnunquam
514 3990 713 4076 deponentia
747 3991 878 4074 passiva
911 3997 1069 4076 usurpata
1097 3988 1306 4072 reperiuntur

144 4093 400 4180 significatione.
442 4095 495 4156 Sic
521 4095 570 4168 II,
597 4098 658 4158 516
689 4104 898 4159 remensumst.
945 4094 1006 4171 IV,
1033 4096 1117 4158 1182
1148 4098 1304 4156 meditata.

143 4196 300 4262 Passivae
321 4196 573 4279 significationis
594 4195 742 4259 effictum
763 4203 815 4259 est
837 4196 937 4260 etiam
959 4195 1156 4258 adiectivum
1180 4194 1306 4258 iaromi-

144 4307 244 4373 tatus,
261 4299 350 4381 quod
365 4298 531 4363 invenitur
547 4298 607 4375 VI,
627 4301 721 4362 1225.
