2874 4934
456 395 719 441 couruuorrouus
745 396 981 442 conummvaa.
1071 436 1075 442 .
1235 384 1295 444 181

134 589 214 649 sqq.
238 591 304 631 aere
326 571 423 631 solum
444 574 542 630 terrae
562 571 743 643 tractabant,
764 587 888 649 aereque
908 572 981 629 belli
1003 572 1170 632 miscebant
1188 575 1298 634 fluctus
1374 650 1376 654 .

134 675 168 732 et
185 675 311 731 vulnera
326 678 411 732 vasta
425 674 565 733 serebant
581 674 609 730 01
625 693 715 750 pecus
731 678 824 752 atque
840 693 926 750 agros
942 675 1126 734 adimebant.
1157 671 1217 749 VI,
1236 675 1297 735 199

136 793 234 854 sqq:
252 777 391 848 mittunt,
409 780 643 855 quaerentesque
652 777 732 834 viam
743 777 854 834 circum
864 782 1030 851 versantur,
1047 778 1076 834 et
1091 779 1170 855 ignis
1186 780 1300 838 semina

136 880 329 938 convolvunt
344 898 359 937 e
374 879 506 937 nubibus
522 878 612 957 utque
626 880 671 938 ita
686 883 801 955 cogunt
819 879 926 952 multa,
946 883 1107 958 rotantque
1123 882 1201 938 cavis
1217 882 1299 939 fiam·

116 1001 222 1040 ·mam
245 981 416 1040 fornacibus
439 983 532 1040 intus.
563 998 595 1038 v·
615 979 694 1040 348:
719 982 937 1060 incolumisque
960 982 1045 1039 venit
1069 1002 1188 1060 perros
1209 983 1300 1061 utque

136 1085 262 1160 integra
276 1085 387 1142 transit
401 1085 507 1143 multa.
540 1078 582 1155 V,
604 1080 660 1142 31:
683 1084 831 1142 Thracam
851 1085 1062 1162 Bistoniasque
1085 1085 1189 1161 plagas
1210 1086 1301 1165 utque

138 1189 257 1247 Ismara
272 1191 403 1265 propter.
428 1205 459 1244 v.
479 1184 541 1245 189
558 1203 625 1262 sq:
644 1191 828 1244 consuerunt
844 1188 962 1246 concita
977 1187 1048 1245 ferri
1064 1187 1302 1265 omnimodisque

140 1289 223 1348 coire
239 1289 329 1368 utque
350 1289 451 1349 omnia
471 1292 684 1367 pertemptare.
715 1283 839 1346 Eadem
856 1283 1013 1366 leguntur
1029 1307 1060 1347 v.
1077 1288 1141 1347 424
1157 1307 1208 1366 sq.
1238 1284 1299 1363 IV,

140 1389 227 1451 1030
244 1408 316 1469 sqq.
339 1392 447 1450 stravit
466 1393 582 1470 iterque
602 1391 688 1449 dedit
709 1423 739 1430 -
760 1408 797 1448 ue
811 1391 937 1468 pedibus
958 1424 990 1432 —
1011 1392 1116 1450 docuit
1135 1426 1167 1434 —
1188 1392 1217 1449 et
1232 1412 1301 1451 con·

140 1495 256 1554 temnit.
287 1488 330 1566 V,
353 1490 451 1553 139311
473 1493 686 1572 iactabantque
705 1514 774 1553 suos
795 1496 874 1552 tauri
896 1494 1080 1573 pedibusque
1101 1496 1251 1568 terebant,
1273 1495 1302 1551 et

142 1600 240 1657 latera
258 1617 292 1655 ac
314 1600 434 1655 ventres
449 1594 611 1653 hauribant
633 1627 664 1636 -
685 1598 839 1655 ulterram
861 1630 891 1637 -
912 1598 1049 1656 ruebant.
1081 1592 1129 1669 II,
1147 1596 1208 1655 395
1226 1615 1300 1675 sqq.

142 1694 247 1778 fulgor
263 1699 307 1758 ibi
322 1698 360 1756 ad
376 1698 492 1757 caelum
508 1719 539 1756 se
554 1698 648 1770 tollit,
668 1702 792 1777 totaque
813 1700 924 1757 circum
940 1719 1007 1758 aere
1022 1700 1185 1758 renidescit
1200 1700 1302 1773 tellus,

142 1808 307 1881 supterque
326 1802 424 1859 virum
445 1802 476 1858 vi
492 1802 608 1860 excitur
622 1801 750 1878 pedibus
766 1803 893 1875 sonitus,
914 1802 1100 1880 clamoreque
1115 1806 1233 1860 montes
1249 1803 1304 1860 icti

142 1907 293 1966 reiectant
316 1924 403 1962 voces
428 1905 466 1962 ad
490 1903 588 1962 sidera
610 1904 726 1977 mundi,
752 1905 780 1961 01
805 1905 917 1962 circum
941 1905 1081 1962 volitant.
1112 1898 1141 1975 I,
1164 1900 1225 1961 340
1251 1924 1305 1981 per

143 2008 239 2068 maria
263 2024 300 2064 ue
323 2011 418 2065 terras
442 2006 628 2084 sublimaque
653 2007 737 2065 caeli.
774 2001 817 2079 V,
839 2005 879 2065 al
905 2027 958 2084 per
981 2014 1103 2064 nemora
1126 2022 1162 2062 oe
1185 2010 1304 2064 montes

143 2130 271 2189 magnos
281 2110 428 2188 silvasque
438 2108 611 2187 profundas.
635 2126 665 2167 v.
680 2107 737 2166 92:
754 2111 849 2167 maria
864 2126 900 2166 uc
915 2115 1008 2167 terras
1025 2109 1199 2186 caelumque
1209 2113 1303 2167 tuere.

146 2232 177 2272 v.
196 2212 259 2273 599
274 2213 368 2271 maria
384 2229 420 2268 ue
435 2215 529 2270 terras
545 2213 642 2270 omnis
664 2213 848 2290 caelumque.
880 2228 911 2269 v.
931 2210 991 2271 991
1015 2213 1175 2270 herbarum
1196 2231 1307 2288 genera

145 2334 182 2375 uo
197 2318 299 2392 fruges
315 2315 494 2393 arbustaque
509 2316 597 2373 laeta.
627 2332 658 2372 v.
677 2311 739 2372 999
755 2335 877 2374 nemora
893 2331 929 2372 ue
944 2316 1055 2373 montis
1072 2316 1188 2391 gemitu
1204 2316 1306 2373 silvas-

143 2433 200 2500 que
215 2418 362 2496 replebat.
388 2435 418 2474 v.
432 2414 513 2475 1011
527 2437 606 2476 casas
621 2448 648 2458 -
668 2434 704 2474 uc
713 2417 802 2495 pellis
811 2419 981 2496 ignemque.
1008 2434 1040 2474 v.
1055 2414 1136 2476 1087
1148 2418 1300 2493 unguibus

143 2539 180 2580 ue
195 2521 324 2600 pedibus
344 2553 377 2561 —
396 2537 564 2598 morsuque.
596 2538 628 2577 v.
650 2517 732 2578 1386
749 2521 815 2579 avia
830 2541 883 2599 per
898 2541 1020 2579 nemora
1035 2538 1071 2577 uc
1087 2521 1176 2578 silvas
1192 2521 1300 2578 saltus·

143 2641 201 2705 que
215 2627 344 2703 reperta.
375 2616 436 2694 VI,
454 2620 774 2681 99911110001111111
790 2625 959 2702 spargique.
985 2619 1013 2695 I,
1032 2621 1071 2682 17
1089 2644 1143 2702 per
1156 2623 1250 2680 maria
1265 2639 1301 2679 uc

143 2729 258 2787 montis
284 2727 449 2803 fluviosque
471 2726 586 2802 rapacis
610 2725 846 2804 frondiferasque
870 2727 974 2785 domos
999 2728 1099 2784 avium
1124 2742 1302 2804 camposque

143 2831 280 2889 virentis.
311 2821 355 2901 V,
373 2824 455 2886 1967
472 2844 522 2904 sq.
543 2829 642 2887 levare
664 2845 699 2884 ue
721 2829 824 2887 radere
845 2830 933 2906 tigna
948 2830 976 2886 01
991 2830 1143 2887 terebrare
1160 2823 1250 2885 etu'uuu
1266 2845 1302 2885 uc

143 2932 328 3013 pertundere
343 2947 452 3010 perque
467 2932 572 2990 forare.
593 2926 621 3003 I,
636 2928 695 2989 769
711 2931 840 2989 fulmina
856 2965 884 2972 -
900 2932 990 3010 utque
1005 2932 1109 2990 imbris
1125 2935 1300 3009 ventosque.

143 3031 210 3108 IV,
227 3032 310 3093 1130
331 3035 364 3092 in
385 3035 496 3112 pallam
516 3035 606 3112 utque
627 3034 772 3092 alideusia
788 3035 898 3113 Ciaque
917 3038 1062 3093 vertunt.
1084 3027 1125 3106 V,
1144 3032 1205 3092 615
1228 3050 1300 3111 sqq.

145 3159 205 3218 quo
221 3128 311 3216 pacto
326 3169 356 3178 -
376 3137 465 3195 adeat
480 3122 570 3214 atque
585 3170 616 3178 —
631 3157 661 3195 se
677 3142 713 3195 ut
727 3142 827 3195 vertat
841 3169 873 3177 -
887 3138 1017 3215 lunaque
1031 3137 1179 3195 rideatur.
1197 3153 1227 3193 v.
1242 3132 1302 3194 788

144 3244 250 3321 pluma
271 3241 361 3319 utque
380 3240 435 3318 pili
456 3273 486 3280 —-
507 3243 675 3317 saetaeque.
707 3257 739 3297 v.
757 3238 818 3297 955
839 3260 962 3299 nemora
982 3241 1072 3318 etque
1088 3259 1176 3298 cavos
1191 3239 1303 3297 montis

144 3346 293 3422 silvasque
317 3343 466 3401 colebant.
499 3359 528 3399 v.
548 3338 630 3400 1079
655 3343 812 3420 accipitres
837 3342 928 3421 utque
952 3344 1113 3419 ossifragae
1137 3343 1301 3420 mergique.

145 3442 208 3520 IV,
228 3442 310 3505 1249
322 3461 371 3521 sq.
389 3445 480 3522 utque
494 3445 567 3503 alias
583 3444 635 3502 alii
651 3446 805 3523 complent
820 3447 926 3523 magis,
942 3466 977 3504 ex
993 3447 1117 3526 aliisque
1132 3445 1305 3523 succipiunt
1319 3491 1320 3494 η

145 3551 222 3610 aliae
238 3548 356 3626 pondus
372 3548 467 3624 magis
483 3549 572 3626 inque
587 3554 776 3625 gravescunt.
802 3542 844 3621 V,
863 3546 961 3607 1241:
980 3551 1066 3622 Quod
1082 3551 1241 3627 superest,
1257 3566 1305 3605 aes

146 3654 238 3732 atque
253 3671 359 3709 aurum
374 3638 543 3728 ferrumque
558 3655 741 3728 repertumst
758 3652 786 3708 u
801 3652 891 3710 simul
906 3654 1026 3728 argenti
1041 3651 1160 3730 pondus
1175 3650 1305 3730 plumbi·
1424 3718 1426 3722 Α

146 3772 203 3836 que
218 3756 352 3834 potestas
369 3746 427 3830 (sic
444 3748 606 3809 Marullus
622 3769 680 3830 pro
697 3769 790 3832 oeque
805 3750 936 3830 auruue).
969 3749 997 3827 I,
1017 3752 1099 3813 1088
1116 3771 1188 3830 sqq.
1206 3753 1305 3810 differ·

146 3861 207 3919 1101
225 3858 315 3934 ignis,
338 3857 427 3935 utque
448 3857 516 3915 ideo
538 3859 639 3916 totum
659 3857 771 3914 circum
793 3861 921 3915 tremere
943 3859 1065 3916 aethera
1081 3857 1174 3933 signis
1191 3856 1220 3912 01
1235 3855 1305 3913 10111

146 3964 297 4023 flammam
318 3979 371 4037 per
391 3960 465 4018 caeli
485 3960 604 4018 caerula
625 3959 714 4037 pasci.
746 3954 787 4031 V,
807 3956 889 4017 1399
906 3976 978 4036 sqq.
1002 3959 1142 4017 redimire
1164 3992 1194 3999 —
1216 3958 1306 4036 utque

151 4099 183 4109 -
205 4064 366 4143 procedere
387 4095 417 4102 -
439 4063 467 4119 et
488 4095 518 4103 -
540 4064 661 4140 pellere.
692 4056 755 4135 IV,
773 4059 857 4120 1189
875 4079 946 4139 sqq.
965 4062 1139 4140 protrahere
1154 4062 1187 4119 in
1206 4062 1305 4119 lucem

147 4169 240 4247 utque
260 4167 357 4224 omnis
377 4165 527 4246 inqpirere
547 4167 633 4238 risus,
658 4165 686 4222 01
706 4197 737 4206 -
758 4168 877 4244 praeter
897 4166 1019 4223 mittere
1036 4165 1064 4221 el
1082 4165 1221 4223 humanis
1237 4183 1307 4222 oon·

149 4273 254 4331 cedere
269 4269 358 4328 rebus
376 4261 541 4344 (ultimum
557 4268 586 4323 u
602 4262 730 4325 addidit
745 4263 1003 4344 Lachmannus).

235 4368 481 4448 Nonnunquam
502 4371 560 4428 aut
581 4367 622 4429 ab
642 4364 737 4430 initio
761 4372 819 4428 aut
837 4365 871 4429 in
892 4365 1000 4429 media
1021 4363 1169 4428 oratione
1190 4370 1248 4425 aut
1271 4361 1304 4425 in
1354 4402 1364 4410 -
