2874 4934
253 317 293 381 68
664 334 819 377 scissos.
844 334 999 395 .cs1².1v.¹

247 523 304 582 pro
325 524 414 586 qoam
433 507 548 565 contra
567 500 734 565 Hsndium
752 502 788 566 in
803 486 987 569 Turscllino
1007 502 1070 582 IV,
1087 525 1120 586 p.
1138 505 1212 581 616,
1233 511 1431 589 comparat:-

244 624 304 684 pro
318 610 366 678 oi,
376 625 457 685 proe
471 609 518 677 oi,
528 626 608 685 pree
623 627 724 689 quero,
741 611 868 687 praeter
882 628 984 691 qoooo,
1001 611 1074 687 poet
1088 627 1191 690 quaro,
1211 612 1284 669 onie
1298 629 1407 693 6666,

249 725 339 785 seper
354 726 452 788 qoam.

334 804 537 890 Praepositio
554 828 611 887 pro
631 809 660 891 a)
676 806 762 871 idem
779 807 947 891 significat
966 829 1004 872 ec
1026 809 1089 871 loeo
1105 830 1133 871 s.
1150 808 1252 871 iosier
1267 808 1404 873 oiieoirr

247 909 303 972 rei.
335 909 403 988 111,
426 911 505 974 367:
530 916 555 973 si
570 931 630 991 pro
643 910 772 996 soribos
790 920 863 975 sunt
884 916 998 975 lumine
1016 919 1128 976 nostre.
1157 909 1222 988 IV,
1243 914 1322 975 466:
1336 933 1390 993 pro

247 1010 321 1073 risio
344 1022 381 1075 ut
403 1018 466 1077 sint
490 1035 566 1094 quoe
590 1035 651 1074 non
670 1022 742 1075 sunt
761 1017 891 1075 sensibu’
909 1017 982 1075 visa.
1011 1032 1044 1074 v.
1067 1012 1145 1076 761:
1170 1037 1261 1097 quem
1281 1017 1391 1077 reddit».

240 1135 300 1194 pro
315 1113 381 1176 oiio
395 1121 456 1178 iem
470 1139 550 1178 mors
565 1122 597 1178 et
616 1123 697 1178 terro
717 1120 854 1197 potitsst.
886 1113 939 1177 Sic
954 1112 1187 1177 Lachmannus
1202 1136 1262 1198 pro
1277 1114 1386 1195 reddito

245 1216 322 1280 rito.
1392 1204 1397 1217 ’

329 1318 363 1401 b)
394 1317 490 1381 Idem
520 1316 686 1401 significat
716 1319 804 1400 quod
832 1319 1007 1393 seronem,
1037 1318 1159 1382 ratione
1187 1319 1324 1383 oiicoios
1347 1316 1386 1382 rei

243 1421 359 1484 iobiio.
392 1421 420 1498 I,
439 1422 517 1485 807:
541 1445 595 1484 sus.
615 1446 668 1504 pro
691 1431 784 1504 parte.
815 1421 879 1495 IV,
898 1425 958 1485 550
981 1446 1034 1506 pro
1055 1430 1150 1505 parte.
1181 1422 1224 1499 V,
1241 1423 1320 1487 257:
1342 1446 1386 1507 pro

244 1534 328 1608 parte
348 1550 409 1588 sua.
440 1523 489 1603 ΙΙ,
513 1525 589 1587 231:
612 1530 685 1588 haec
704 1545 760 1605 pro
773 1523 961 1607 ponderibus
983 1508 1066 1587 cesus
1086 1528 1216 1588 celerare
1235 1533 1386 1589 necessest

243 1627 273 1687 V
274 1675 284 1705 ,
303 1631 337 1690 2:
359 1632 431 1704 Quis
453 1632 533 1710 potis
556 1635 602 1690 est
621 1632 748 1709 dignum
768 1632 897 1710 pollenti
916 1636 1037 1710 pectore
1059 1651 1178 1691 carmen
1198 1632 1328 1691 condere
1338 1648 1386 1709 pro

242 1754 341 1793 rerum
355 1729 513 1792 maiestate
528 1729 635 1812 iisque
657 1728 807 1810 repertis?
837 1728 891 1793 Sic
906 1728 1086 1794 Lambinus
1107 1728 1298 1793 coniectura
1318 1750 1386 1814 pro:

241 1858 295 1917 pro
314 1857 414 1897 rerum
434 1837 600 1895 maiestatis
619 1841 711 1914 atque
732 1837 868 1916 repertis.
898 1854 931 1895 v.
948 1835 985 1896 4:
1011 1838 1064 1915 qui
1083 1838 1196 1914 fingere
1216 1836 1324 1897 laudes
1338 1852 1386 1913 prr

240 1936 356 1999 meritis
371 1941 434 1999 cius
450 1940 554 2018 possit.
584 1957 616 1998 v.
636 1936 713 1999 231:
732 1959 787 1998 nec
802 1940 897 1999 varias
913 1944 1062 2018 quaerunt
1075 1944 1174 1999 vestes
1188 1956 1249 2017 pro
1265 1940 1390 2017 temporo

240 2045 324 2103 eseli.
354 2062 385 2101 v.
410 2040 508 2102 1058:
534 2062 588 2120 pro
607 2042 690 2100 vario
710 2062 807 2102 sensu.
842 2060 874 2101 v.
899 2039 998 2102 llll:
1014 2057 1073 2119 pro
1082 2036 1175 2123 focio
1195 2043 1342 2121 cuiusque
1361 2044 1390 2101 et

238 2141 354 2204 oiriboo
374 2140 565 2222 iopeoioque.
597 2162 628 2201 v.
647 2140 745 2204 1174:
767 2165 914 2223 vocesque
933 2144 1075 2225 superbas
1089 2145 1212 2203 mittere
1226 2160 1289 2221 pro
1301 2139 1390 2225 facie

232 2244 398 2325 proeeioro
414 2245 446 2305 et
460 2241 576 2304 oiribos
591 2241 711 2323 ereptis.
744 2240 805 2322 VI,
823 2244 922 2307 1281:
947 2249 1073 2327 quisque
1088 2267 1176 2306 suum
1189 2263 1250 2324 pro
1264 2263 1301 2304 re
1315 2266 1388 2306 com·

238 2354 359 2431 postum
375 2353 507 2409 maestus
522 2349 677 2409 humsbet.

323 2450 351 2532 c)
371 2448 422 2511 De
437 2445 698 2511 remuneratione
715 2445 845 2510 dieitur.
869 2445 936 2525 III,
948 2449 1047 2512 1014:
1065 2471 1229 2531 poenarum
1238 2466 1300 2527 pro
1315 2450 1388 2511 mole

224 2551 340 2637 sortis.
372 2550 415 2628 V,
433 2553 511 2614 118:
529 2555 660 2634 pondere
676 2575 725 2614 eos
741 2575 851 2633 poenas
867 2549 984 2612 irrorari
994 2570 1052 2630 pro
1067 2548 1182 2611 sceiere
1198 2529 1307 2612 omnis.

322 2653 454 2717 'l'mesin
476 2652 509 2716 in
532 2652 770 2736 compositione
790 2674 863 2715 cum
883 2652 984 2715 verbo
1006 2673 1103 2734 passa
1123 2658 1176 2714 est
1190 2649 1388 2736 praepositio

237 2757 299 2836 VI,
318 2760 415 2821 1264:
433 2761 531 2821 mults
545 2762 597 2820 siti
612 2765 765 2840 protracto
780 2760 859 2818 viem
874 2780 928 2840 per
936 2775 1055 2838 proque
1071 2755 1188 2817 ooioto.

323 2860 395 2922 Sine
410 2859 438 2937 I,
457 2863 514 2922 22:
532 2865 651 2924 sinete.
673 2881 705 2920 v.
723 2859 800 2921 155:
819 2879 907 2939 opero
924 2857 990 2919 sire
1005 2862 1116 2922 divom.
1139 2857 1186 2934 ΙΙ,
1205 2858 1283 2919 168ε
1303 2862 1390 2921 deum

235 2963 301 3026 cirre
324 2963 456 3026 oooeiree.
497 2961 526 3040 I,
550 2964 628 3025 192:
655 2967 720 3025 sine
744 2967 833 3025 certis
857 2966 1013 3025 imbribus.
1048 2981 1080 3022 v.
1104 2962 1183 3023 198:
1209 2983 1302 3044 quem
1326 2958 1391 3021 sine

230 3065 398 3148 principiis
417 3071 511 3129 ullam
530 3090 593 3129 rem
614 3071 740 3130 existere
760 3090 855 3149 posse.
891 3086 923 3126 v.
946 3064 1023 3126 oie:
1045 3067 1147 3124 oooiro
1166 3060 1233 3124 sirie
1254 3086 1390 3145 quaeque

236 3169 339 3232 lobore
353 3178 461 3253 sponte
477 3193 530 3233 sue
544 3175 643 3233 multo
658 3174 722 3233 fieri
737 3172 861 3231 meliora
874 3171 1000 3230 videres.
1022 3186 1054 3228 v.
1072 3165 1150 3228 3631
1168 3169 1231 3228 sine
1247 3169 1390 3247 pondere.

236 3270 265 3350 I,
282 3274 345 3336 396
361 3278 424 3336 sine
440 3277 532 3349 inani,
549 3270 629 3334 item
645 3294 676 3332 v.
695 3272 767 3334 510.
786 3271 859 3332 532.
878 3271 951 3332 538.
974 3306 1004 3314 -
1026 3290 1058 3330 v.
1075 3268 1152 3331 443:
1176 3272 1241 3330 sine
1256 3291 1390 3351 corpore,

235 3375 316 3437 item
332 3374 399 3453 ΙΙΙ,
417 3377 490 3439 166.
509 3376 583 3437 568.
601 3376 664 3437 654
679 3395 746 3455 sq.:
770 3368 823 3435 sio'
833 3377 950 3436 animus
970 3396 1024 3456 per
1038 3395 1070 3434 se
1084 3394 1146 3434 non
1161 3375 1229 3452 quit
1243 3366 1312 3431 sirie
1327 3390 1390 3433 eor·

231 3498 307 3559 pore
331 3488 362 3541 et
386 3477 451 3558 ipso
476 3502 538 3541 esse
562 3475 689 3539 tomice.
720 3498 752 3538 v.
776 3477 850 3538 666.
875 3475 946 3538 781.
971 3475 1043 3538 788.
1069 3470 1113 3550 V,
1135 3472 1197 3536 132
1218 3493 1244 3534 s.
1268 3492 1389 3553 corpore

237 3585 316 3644 oriri.
347 3579 377 3657 Ι,
398 3581 459 3642 451
478 3601 545 3662 sq.:
570 3585 634 3643 sine
654 3583 808 3663 perniciali
828 3582 964 3640 discidio.
996 3574 1062 3653 III,
1080 3575 1142 3638 366
1164 3580 1228 3638 sinc
1247 3579 1390 3659 pernicie.

236 3705 267 3747 v.
286 3684 347 3746 347
364 3681 430 3744 oioe
439 3687 528 3764 peste
542 3682 690 3765 moleque.
714 3679 743 3758 Ι,
762 3683 839 3745 601:
857 3679 923 3743 sire
931 3678 1076 3762 partibor
1091 3686 1183 3742 extet.
1214 3675 1262 3755 II,
1280 3680 1318 3740 5:
1337 3681 1391 3739 too

236 3785 302 3847 sioe
310 3791 404 3866 porte
419 3791 532 3868 pericli.
557 3784 586 3863 Ι,
605 3787 687 3848 1054
704 3805 770 3866 sq.:
789 3789 852 3846 sine
868 3788 938 3846 ullis
954 3786 1064 3844 ictibus
1081 3785 1219 3844 externis.
1244 3778 1294 3857 II,
1311 3781 1388 3842 809:

236 3888 302 3950 sire
317 3908 349 3950 eo
366 3887 510 3973 (luminis
520 3887 600 3972 ictu)
616 3892 680 3950 fieri
689 3910 751 3969 non
760 3910 846 3969 posse
856 3889 1024 3970 putandum
1035 3893 1090 3947 est.
1111 3882 1159 3960 ΙΙ,
1171 3885 1228 3946 92:
1247 3888 1391 3965 quonism

236 3998 368 4076 spatium
384 3993 523 4078 eioefirre
537 3992 721 4074 modoquest.
751 4012 784 4051 v.
802 3991 880 4052 193:
897 3993 962 4051 sine
977 3993 1007 4050 vi
1023 3991 1192 4069 subigente.
1223 3982 1291 4063 III,
1309 3986 1388 4048 333:

235 4096 302 4159 sire
317 4102 441 4161 alterius
456 4095 497 4158 oi.
529 4094 577 4171 ΙΙ,
595 4095 675 4158 423:
698 4099 774 4156 haut
795 4090 861 4152 sire
871 4089 1057 4172 principiali
1073 4087 1175 4173 oliqoo
1196 4086 1296 4150 ieoore
1311 4112 1390 4151 erec·

235 4209 307 4265 test.
317 4222 349 4263 v.
361 4202 439 4264 425:
457 4223 518 4262 non
528 4197 631 4281 oliqoo
641 4195 707 4257 sirie
716 4199 858 4259 materiae
867 4193 1007 4278 oqooiore
1016 4201 1173 4277 repertast.
1191 4213 1221 4252 v.
1235 4190 1311 4253 795:
1325 4188 1390 4251 oioe

237 4303 304 4367 irree
323 4341 354 4351 -—
376 4327 447 4366 esse.
478 4324 510 4363 v.
528 4301 607 4364 939:
626 4306 761 4362 constare
782 4336 813 4346 -
834 4296 899 4358 cirre
919 4295 1008 4357 odore
1027 4295 1103 4357 roilo.
1129 4292 1197 4373 HI,
1215 4292 1294 4357 113:
1318 4299 1389 4357 effu·
