2874 4934
148 373 188 434 54
558 388 711 432 saturos.
745 387 816 437 cre.
839 386 886 430 rv.

146 563 262 639 gelidas
288 594 319 605 -
345 563 476 640 pruinas.
512 577 544 619 v.
571 557 649 619 729:
678 562 853 638 caelumque
875 579 895 618 a
916 555 1006 618 terris
1027 581 1116 620 omne
1136 563 1303 620 retentent.

146 682 178 722 v.
201 663 279 723 950:
301 685 319 723 a
339 684 462 743 corpore
481 664 581 722 solvit.
616 656 685 736 III,
709 660 764 720 38:
789 663 842 741 qui
861 663 955 721 vitam
974 663 1080 721 turbat
1100 658 1138 720 ab
1160 656 1227 721 erro.
1259 657 1302 735 V,

147 765 208 826 163
219 744 228 823 τ’
243 762 280 824 ab
298 761 357 824 r'me
373 770 506 826 evertere
521 785 646 825 summa.
667 760 801 838 111,57:
819 785 889 824 nam
903 785 989 823 verae
1003 784 1091 824 voees
1104 769 1171 823 tum
1181 765 1304 823 demum

138 870 266 946 pertore
280 864 317 926 ab
333 863 391 925 emo
407 869 567 927 eiciuntur.
597 861 660 939 VI,
678 864 757 925 141:
775 868 838 926 alta
852 866 975 926 arbusta
990 867 1131 926 evolvens
1146 861 1304 925 radicibus

145 972 248 1030 haurit
269 965 306 1028 ab
326 964 406 1028 imis.
438 964 505 1042 III,
524 966 601 1028 197:
628 972 791 1046 cogerent
812 964 850 1026 ab
871 985 982 1026 eamme
1002 969 1061 1029 tibi
1083 970 1203 1028 diffluat
1224 969 1304 1028 altus

144 1093 276 1146 acervus,
301 1090 333 1130 v.
350 1066 454 1129 Laeh.
472 1066 514 1129 ad
532 1066 598 1144 III,
617 1068 712 1143 1001,
738 1065 795 1128 ubi
820 1072 887 1128 est:
914 1072 996 1149 quod
1018 1076 1122 1130 temon
1146 1092 1162 1130 e
1186 1091 1303 1130 summo

144 1176 205 1235 iam
225 1175 339 1234 vertice
359 1194 478 1232 rursum
498 1175 641 1233 volvitur.
672 1167 739 1245 III,
762 1171 818 1232 74:
840 1169 878 1230 ab
900 1170 1000 1230 eodem
1021 1193 1109 1252 saepe
1131 1168 1238 1231 timere
1259 1167 1303 1251 (in

144 1272 247 1353 Felge
269 1270 444 1334 derselben
458 1269 594 1352 Furoht)
616 1280 748 1333 macerat
768 1275 892 1334 invidia.
923 1293 955 1333 v.
974 1274 1053 1335 644:
1075 1279 1111 1334 ut
1126 1280 1257 1334 tremere
1272 1276 1304 1334 in

143 1384 224 1438 terra
249 1378 389 1437 videatur
412 1372 449 1435 ab
474 1372 601 1435 artetes
625 1377 657 1435 id
681 1377 763 1454 quod
787 1378 902 1436 decidit
926 1378 1084 1436 abscisum.
1114 1395 1146 1436 v.
1170 1375 1250 1436 676:
1273 1378 1304 1436 id

144 1498 163 1537 a
188 1475 249 1537 leto
273 1480 333 1538 iam
363 1474 493 1555 turpiter
518 1484 606 1538 errat.
646 1496 678 1537 v.
705 1477 783 1537 924:
815 1499 870 1538 nee
898 1513 931 1521 —
959 1476 1048 1555 torpe
1075 1475 1113 1537 ab
1142 1474 1304 1560 eerreifera‘e

143 1582 308 1661 primordia
331 1576 460 1639 motibus
483 1587 593 1640 errant.
632 1589 672 1639 vj
692 1579 770 1639 860:
801 1576 982 1639 deerrarunt
1005 1583 1116 1660 passim
1139 1587 1243 1641 motus
1266 1577 1303 1639 ab

144 1678 280 1742 rensibus
301 1703 413 1743 omues.
444 1701 475 1741 v.
494 1681 573 1741 820:
597 1685 680 1762 quod
702 1679 846 1742 letalibus
867 1678 1150 1742 tereramunda
1169 1688 1303 1746 tenetur.

145 1804 177 1844 v.
196 1783 274 1844 909:
292 1786 369 1845 illud
385 1781 423 1842 ab
438 1781 603 1863 derigitur
618 1781 821 1864 quaerendum
837 1787 891 1844 eet.
906 1781 981 1859 Ἰν,
1000 1784 1078 1845 144:
1096 1791 1305 1865 perpetuoque

143 1890 242 1948 fiuant
267 1883 304 1946 ab
328 1883 427 1945 redae.
465 1904 496 1945 v.
515 1886 576 1947 218
593 1874 670 1964 sq.:'
687 1892 895 1967 perpetuoque
918 1889 1018 1948 fluunt
1041 1884 1133 1946 tertie
1156 1886 1194 1946 ab
1217 1884 1306 1946 rebus

143 1992 268 2061 odores;
292 1991 388 2067 frigus
407 1994 444 2048 ut
463 2007 482 2048 a
494 1984 617 2070 fluoris,
641 1992 722 2049 calor
741 1985 873 2074 ableole,
894 1995 994 2050 aestus
1009 1985 1047 2048 ab
1062 1985 1165 2048 aredis.
1197 1985 1305 2048 Iidem

142 2109 259 2153 versus
276 2088 434 2169 leguntur
449 2085 512 2165 VI,
531 2089 593 2150 eet
609 2109 658 2169 sq.
682 2086 743 2164 VI,
756 2090 816 2151 921
839 2088 974 2150 omnibus
990 2087 1027 2150 ab
1041 2087 1130 2150 rebar
1149 2126 1182 2136 -
1201 2094 1304 2152 fluere.

144 2190 200 2254 Ita
210 2189 402 2273 quadratus,
420 2209 526 2271 neque
540 2187 638 2253 aliter
646 2210 786 2270 usquam
794 2188 980 2253 Lueretius.
999 2189 1304 2271 oblongusarebrre.

142 2292 205 2371 IV,
223 2293 302 2356 347:
326 2297 441 2356 resilire
462 2291 499 2353 ab
519 2291 617 2354 rebar.
649 2313 681 2353 v.
706 2294 783 2354 685:
807 2315 826 2353 e
848 2297 925 2355 tetre
945 2297 1060 2357 resilire
1080 2313 1205 2355 venene.
1237 2293 1301 2371 IV,

145 2395 226 2459 411:
248 2418 268 2457 u
289 2394 380 2457 terrie
400 2402 549 2477 quantum
569 2399 644 2457 caeli
665 2403 752 2476 patet
772 2400 852 2458 altus
872 2400 983 2459 hiatus.
1017 2393 1155 2456 Laehm.
1177 2394 1220 2457 ad
1240 2394 1304 2473 IV,

147 2499 224 2561 830:
241 2518 334 2575 „non
344 2496 475 2580 saepius
486 2518 583 2578 quam
597 2502 660 2574 ter,
677 2495 741 2558 nisi
755 2495 864 2572 fallor,
881 2494 934 2557 hio
950 2502 1051 2579 poeta
1066 2495 1151 2558 dixit
1166 2519 1186 2559 a
1194 2503 1304 2578 parre,

145 2598 180 2661 in
194 2599 257 2677 IV,
274 2602 337 2662 428
358 2605 463 2680 Longe
483 2608 586 2663 tamen
606 2608 692 2681 parte
713 2605 751 2663 ab
772 2622 888 2661 summe
907 2622 976 2660 eum
991 2608 1058 2662 tota
1072 2604 1203 2678 videtur,
1221 2605 1256 2662 et
1270 2598 1304 2662 in

146 2701 188 2779 V,
206 2704 267 2765 685
292 2708 336 2764 Et
360 2707 441 2785 quod
465 2707 503 2765 ab
527 2707 677 2764 alterutra
699 2706 831 2764 detraxit
854 2708 950 2783 parte,
974 2699 1056 2762 item
1079 2699 1114 2764 in
1133 2699 1196 2779 VI,
1220 2703 1303 2766 1111

145 2811 297 2881 Quattuor
317 2827 334 2867 a
353 2809 452 2867 ventis
472 2812 504 2866 et
525 2809 599 2867 caeli
621 2808 758 2885 partibus
780 2827 856 2878 esse;
878 2808 994 2884 quarte
1017 2823 1058 2865 ex
1074 2802 1304 2867 emendatione

145 2911 260 2968 nostra
275 2904 310 2968 in
324 2904 369 2984 V,
385 2908 448 2970 485
465 2914 597 2970 extrema
618 2930 636 2968 a
655 2910 762 2969 limini'
778 2914 863 2987 parte
882 2905 973 2988 [pror
995 2910 1033 2971 ad
1049 2911 1155 2969 limina
1169 2907 1303 2991 partem]

146 3014 320 3092 propulsa.“
351 3008 393 3086 V,
411 3009 489 3072 107:
499 3009 614 3090 procel
628 3030 647 3071 a
662 3007 748 3070 nobie
762 3013 874 3070 flectat.
905 3028 936 3069 v.
954 3009 1033 3070 491:
1051 3015 1157 3090 procul
1171 3033 1189 3071 a
1204 3015 1303 3074 terris.

143 3110 207 3188 VI,
219 3113 302 3175 1004
311 3111 425 3192 procel
438 3132 458 3173 a
466 3111 577 3191 putria
593 3115 646 3193 qui
662 3134 791 3193 eumque
807 3115 957 3191 domoque
965 3107 1144 3173 'adveniunt
1160 3110 1209 3189 ·V,
1221 3113 1301 3175 313:

142 3238 228 3278 ruere
243 3219 360 3278 avolsos
379 3251 413 3261 -
432 3235 452 3274 e
466 3212 617 3276 mentitae
632 3212 717 3275 altis.
750 3234 782 3274 v.
800 3209 878 3297 6412:
896 3216 1003 3274 reiciat
1014 3211 1129 3292 qebidde
1144 3235 1163 3274 α
1179 3218 1302 3296 frigoris

143 3314 266 3379 umbrie.
302 3314 364 3392 VI,
388 3317 444 3378 80:
471 3339 561 3398 quam
586 3320 709 3398 quidem
733 3324 769 3378 ut
788 3336 807 3376 a
828 3312 914 3375 notu
932 3319 1011 3377 ratio
1035 3319 1190 3378 verissima
1211 3322 1303 3397 longe

141 3423 256 3482 reiciet.
286 3439 318 3479 v.
337 3419 416 3481 9602
434 3442 512 3501 quae
526 3423 679 3482 iaciuntur
694 3442 819 3500 corpora
834 3441 962 3499 eumque
978 3416 1015 3478 ab
1030 3416 1128 3480 rebee.
1162 3416 1205 3495 V,
1225 3419 1302 3482 754:

142 3542 162 3582 a
178 3519 269 3583 terrie
284 3526 381 3583 altum
397 3528 489 3604 eaput
510 3525 665 3584 obstruere
682 3526 718 3584 si.
750 3542 781 3582 v.
802 3520 883 3583 1253
901 3541 967 3601 sq.:
991 3524 1141 3602 silvasque
1163 3526 1306 3585 exederat

141 3621 215 3684 altis
238 3622 275 3684 ab
295 3621 463 3686 radicibus.
500 3645 533 3686 v.
558 3623 659 3686 1332:
683 3621 721 3683 ab
741 3621 843 3683 nereis
862 3627 977 3685 succisa
996 3626 1114 3685 videres
1135 3628 1304 3688 concidere.

143 3723 204 3802 VI,
221 3727 299 3788 424:
324 3734 473 3808 presteras
489 3731 590 3790 &miei
612 3749 687 3807 quos
706 3722 743 3785 ab
759 3743 792 3785 re
807 3728 1038 3787 nominitamnt.
1069 3746 1101 3787 v.
1121 3726 1199 3794 140:
1224 3732 1305 3809 prin·

141 3831 230 3910 eipio,
247 3852 307 3910 quo
317 3835 438 3892 Averna
452 3837 599 3893 vocantur
613 3831 746 3904 nomino,
762 3830 794 3888 id
809 3824 846 3887 ab
856 3831 1104 3908 reinpositumst.
1126 3825 1305 3896 consentit

142 3949 216 3991 eum
232 3928 325 3993 libris
341 3929 465 3995 nostris
481 3931 611 3994 Nonius
627 3954 660 4014 p.
673 3931 725 4006 14,
738 3931 767 4006 8,
786 3926 844 3989 ubi
860 3932 958 3991 estid
974 3953 991 3992 a
1005 3953 1038 3991 re
1048 3934 1232 4012 Impositum
1247 3940 1303 3995 est.

139 4033 257 4095 vete:
274 4059 373 4117 neque
388 4034 425 4096 ab
442 4033 536 4096 tuitio
551 4038 651 4118 possit
664 4037 887 4116 reprehendere
902 4037 1011 4095 euntis.
1033 4053 1066 4093 v.
1078 4033 1156 4094 etl:
1174 4038 1303 4115 proinde

138 4141 211 4200 lieet
235 4142 371 4220 quamvis
395 4161 431 4201 ex
455 4161 515 4200 uno
540 4160 663 4219 quoque
688 4141 755 4199 loeo
779 4141 825 4199 sol
848 4139 961 4198 umoris
983 4157 1106 4217 parvum
1128 4139 1244 4199 delibet
1265 4136 1303 4198 ab

138 4259 270 4323 aequore*
296 4248 423 4322 partem.
464 4261 496 4302 v.
524 4240 601 4302 687:
633 4238 671 4300 ab
701 4237 773 4301 ollis
805 4243 936 4301 excussit
965 4242 1098 4301 calidum
1126 4274 1159 4284 -
1186 4243 1300 4319 ignem.

137 4361 169 4404 v.
190 4343 266 4405 721:
292 4347 377 4404 venit
402 4379 435 4389 -
459 4342 497 4404 ab
521 4347 636 4404 austro.
674 4364 706 4403 v.
726 4341 805 4403 723:
831 4345 966 4404 exoriens
990 4345 1112 4422 penitus
1136 4340 1235 4403 media
1261 4342 1299 4403 ab
