2874 4934
408 403 681 451 rusurosrrronns
705 402 772 448 cun
794 404 867 447 111.
1173 387 1211 447 65

58 579 215 652 videlicet,
237 595 254 636 e
267 574 424 655 pausillis
444 584 535 657 etque
555 573 681 636 ninutas
702 572 815 635 ossibus
834 577 884 643 hio
904 610 937 619 -
955 572 1043 653 pioni
1064 609 1095 619 -
1114 581 1212 655 putat.

59 676 111 755 II,
131 678 206 741 759:
233 677 371 761 eqnn'bns
386 703 473 741 omne
488 702 584 760 genus
595 677 737 756 nonnoni.
769 697 801 738 v.
819 677 896 739 870:
915 701 950 739 er
964 681 1157 740 insensilibus
1177 712 1209 722 -

60 784 158 861 gigni.
176 801 206 842 v.
219 782 297 844 888:
315 800 351 842 en
358 779 555 843 insensilibus
564 805 601 843 ne
612 785 713 843 credas
723 784 831 843 sensile
842 778 930 858 ,ononi
936 778 954 842 ‚7
968 801 999 840 v.
1012 782 1090 843 892:
1108 798 1215 842 nonen

61 880 199 943 omnibns
214 919 244 927 -
255 882 354 962 97916.
372 905 403 944 v.
416 884 493 946 930:
511 888 585 946 seire
596 888 668 946 licet
679 881 767 963 aioni
782 907 869 965 posse
879 902 914 944 en
928 903 988 943 non
1003 882 1133 944 sensibn'
1149 907 1215 946 sen·

59 1009 122 1048 sus.
152 982 213 1061 VI,
237 987 297 1048 246
314 1007 382 1068 sq.:
408 991 535 1049 fulmina
554 984 676 1065 yionier
700 1008 715 1047 e
739 983 850 1048 erasto
873 989 993 1067 alteque
1017 990 1216 1067 putandumst

60 1085 193 1148 nnbibns
217 1087 373 1149 retractis.
414 1086 444 1165 I,
470 1090 547 1150 159:
574 1107 610 1148 ea
634 1086 764 1149 onnr'bn’
788 1087 876 1151 rebor
900 1111 988 1151 omne
1011 1112 1106 1169 genus
1130 1087 1217 1148 nosci

62 1198 175 1272 posset.
205 1188 274 1267 III,
292 1191 367 1254 710:
394 1198 467 1253 nata
490 1212 526 1251 ea·
549 1190 608 1252 illo
633 1215 709 1274 quae
729 1199 796 1254 tum
818 1196 909 1274 periit
928 1196 1042 1274 partita
1055 1215 1109 1274 per
1123 1200 1215 1253 artus.

61 1292 90 1370 I,
109 1295 190 1355 204:
216 1313 232 1354 e
252 1315 311 1376 qno
333 1303 453 1357 constat
473 1298 546 1376 quid
565 1299 661 1377 possit
682 1293 769 1356 oriri.
801 1291 849 1369 ΙΙ,
866 1295 944 1356 383:
963 1291 1072 1376 (ignis)
1089 1318 1104 1355 e
1119 1297 1217 1355 taedis

61 1399 258 1459 terrestribus
280 1405 372 1460 ortus.
403 1419 434 1458 v.
453 1398 531 1460 387:
553 1402 633 1478 ignis
648 1405 751 1460 noster
765 1402 817 1459 hic
831 1416 846 1457 e
862 1395 955 1475 diones
971 1403 1054 1458 orins
1069 1401 1216 1477 taedaque

13 1564 16 1571 ,
62 1512 192 1562 creatus.
223 1520 254 1559 r.
273 1500 352 1562 932:
375 1505 462 1576 Quod
478 1505 503 1563 si
518 1505 596 1564 forte
611 1505 719 1585 aiiquis
736 1504 826 1577 dicet,
843 1504 1023 1576 dumtaxat,
1040 1498 1116 1561 oriri
1132 1522 1217 1581 posse

62 1621 98 1662 en
113 1621 280 1663 nonnemo
295 1626 398 1664 sensus
414 1607 619 1678 mutabilitate
636 1607 717 1664 cett.
744 1600 811 1678 ΙΙΙ,
829 1603 868 1665 97
872 1606 906 1665 0:
924 1607 1037 1665 alidan
1053 1601 1116 1664 olio
1131 1626 1218 1664 num·

62 1727 153 1786 quarn
175 1706 302 1766 desistet
323 1702 409 1766 orr'rn'.
441 1701 470 1781 Ι,
489 1705 568 1767 235:
593 1703 730 1787 equites
745 1709 819 1768 haec
833 1729 933 1768 rerum
949 1703 1088 1766 consistit
1102 1726 1219 1766 summa

62 1811 185 1870 reiecta.
201 1827 236 1868 v.
248 1807 324 1869 636:
343 1827 379 1868 en
387 1805 454 1886 noni
464 1831 609 1870 summam
620 1806 782 1869 consistere
791 1806 865 1868 solo.
884 1828 914 1868 v.
927 1807 1002 1870 706:
1020 1805 1219 1885 1169161111-

65 1907 316 1973 manconso'stere
331 1934 426 1993 posse.
444 1911 561 1973 vote:
580 1916 749 1992 enenrique
764 1919 853 1992 putat
862 1908 948 1971 nisis
957 1907 1119 1970 consistere
1132 1933 1219 1991 posse

72 2034 179 2077 111111.
206 2033 240 2074 v.
258 2013 335 2075 872:
354 2033 390 2074 en
405 2011 587 2092 olioniyene's
603 2012 770 2075 consistant
784 2017 868 2094 ligna
883 2019 1042 2075 necessest.
1072 2009 1121 2088 ΙΙ,
1139 2013 1216 2074 584:

70 2119 145 2197 quod
154 2134 270 2195 ornere
284 2135 320 2178 eo
335 2136 395 2179 nno
411 2114 557 2178 consistat
573 2121 798 2198 principiorum.
830 2113 871 2191 V,
890 2114 967 2177 287:
992 2102 1131 2197 eqoo'oo'u
1145 2119 1219 2176 haec

66 2240 162 2281 rernm
188 2215 351 2280 consistere
374 2216 490 2281 summa
514 2222 642 2281 videtur.
678 2216 707 2294 Ι,
730 2219 807 2280 616:
835 2240 960 2299 corpora
983 2206 1162 2277 constabant
1185 2236 1221 2277 en

58 2317 205 2399 partibas
219 2317 368 2405 {infinitis
400 2341 432 2380 v.
451 2321 528 2382 622:
555 2340 591 2380 en
612 2317 745 2402 infinitis
765 2317 944 2380 constabant
961 2317 1101 2398 portione
1116 2341 1219 2400 aeque.

64 2422 188 2484 17961
207 2430 343 2485 constare
359 2460 387 2468 —
404 2447 438 2485 ex
454 2426 530 2484 aliis.
547 2442 577 2482 v.
591 2422 652 2483 865
669 2440 735 2502 sq.:
753 2442 789 2482 en
799 2419 1077 2500 aeneasannos
1086 2425 1224 2483 constare

64 2533 201 2606 putetur,
217 2522 332 2584 osooos
348 2533 379 2585 et
394 2521 494 2584 orooro
509 2521 654 2603 sanieque
671 2531 702 2584 et
716 2521 866 2601 sononine
881 2527 1009 2586 mixtim.
1042 2543 1071 2584 v.
1084 2524 1146 2585 868
1157 2543 1220 2604 sq.:

10 2654 13 2673 ·
63 2635 177 2690 terram
208 2630 345 2687 constare
374 2618 524 2688 necessest
553 2646 588 2686 en
617 2623 810 2704 oln'eno'qenn‘s.
851 2625 899 2702 ΙΙ,
926 2627 1005 2688 159:
1032 2631 1096 2707 ipsa
1118 2624 1183 2686 sor's
1207 2644 1222 2685 e

58 2727 204 2808 partious
219 2751 288 2790 una.
313 2749 345 2790 v.
363 2728 443 2790 385:
461 2752 476 2790 e
492 2733 590 2810 parvis
607 2737 745 2790 constare
758 2732 871 2808 figuris.
901 2748 933 2788 r.
946 2729 1022 2790 538:
1041 2732 1221 2810 elephantis,

64 2835 154 2894 India
170 2855 299 2912 quorum
318 2828 440 2913 noo'l‘bns
457 2829 591 2890 smaltis
606 2833 685 2892 vallo
700 2836 838 2893 munitur
859 2834 973 2893 eburno
990 2831 1033 2910 (h.
1053 2851 1081 2893 e.
1100 2831 1187 2892 vallo
1205 2850 1222 2891 e

64 2932 181 2994 multis
206 2930 340 2994 milibus
365 2934 562 3013 constante).
595 2954 626 2993 v.
646 2933 724 2994 691:
751 2957 785 2995 ex
809 2937 876 2995 aliis
901 2943 1037 2996 constare
1054 2937 1220 2996 elementis.

64 3058 95 3097 v.
108 3037 189 3099 698:
207 3060 242 3098 ex
257 3040 324 3098 aliis
340 3046 485 3098 constare.
504 3055 534 3095 v.
547 3036 624 3096 820:
643 3058 719 3116 quae
735 3039 874 3095 constant
892 3033 1020 3095 saillis.
1047 3057 1078 3096 v.
1091 3036 1168 3097 866:
1187 3061 1220 3098 ex

64 3142 259 3211 insensilibus
273 3174 304 3184 —
321 3146 466 3201 constare.
496 3159 528 3198 v.
541 3139 602 3200 981
621 3158 688 3218 sq.:
706 3156 742 3197 on
757 3135 830 3198 aliis
851 3175 881 3183 -
903 3141 1040 3199 constare
1056 3138 1209 3199 elementis

64 3246 138 3306 inde
152 3245 212 3304 alie
227 3261 264 3301 en
278 3239 365 3302 obita
397 3237 465 3316 ΙΙΙ,
481 3240 560 3302 375:
578 3262 668 3321 quarn
683 3237 790 3322 qnibns
806 3257 822 3298 e
837 3261 944 3321 corpus
959 3242 1046 3303 nobis
1062 3249 1094 3303 et
1108 3244 1221 3302 viscera

65 3347 218 3407 constant.
254 3341 316 3420 IV,
339 3343 416 3404 584:
440 3351 580 3405 constent
600 3347 748 3424 corporeis
768 3366 784 3403 e
804 3346 970 3424 principiis.
1000 3363 1032 3404 v.
1055 3342 1131 3404 648:
1154 3366 1221 3425 pro·

65 3451 138 3511 inde
167 3466 207 3508 en,
232 3444 395 3506 seninnbns
424 3449 563 3506 constant
592 3449 726 3507 variante
756 3449 861 3526 figura.
901 3443 954 3508 Sic
979 3445 1116 3508 Lachm.
1145 3463 1219 3528 pro:

66 3552 198 3615 Proinde
223 3558 255 3611 et
278 3552 442 3613 seminibus
466 3556 607 3610 constant
631 3551 807 3629 variantque
831 3552 936 3629 figura.
967 3547 995 3626 I,
1020 3551 1098 3611 669:
1122 3573 1137 3611 e
1158 3553 1220 3611 nilo

64 3640 149 3718 flent.
181 3649 230 3728 II,
248 3652 311 3714 986
327 3671 375 3732 sq.
405 3647 455 3731 (si)
481 3654 578 3712 ridere
603 3661 706 3731 potest
726 3675 786 3712 non
808 3671 843 3711 en
864 3649 1029 3713 ridentibn'
1041 3651 1154 3735 jactos
1176 3653 1217 3733 (v.

65 3755 229 3837 baem),
245 3762 278 3818 et
292 3777 395 3838 sapere
412 3763 443 3816 et
459 3757 555 3815 doctis
570 3759 719 3815 rationem
734 3758 858 3817 reddere
875 3758 964 3816 dictis
980 3779 1040 3817 non
1057 3752 1221 3816 enoeno'nn'-

10 3928 14 3951 ι
66 3858 121 3921 bros
150 3855 339 3938 sopimtibns
368 3865 460 3938 atque
491 3854 624 3918 disertis.
664 3853 727 3932 IV,
756 3857 830 3918 186:
863 3866 934 3919 sunt
963 3881 979 3918 e
1009 3862 1112 3938 primis
1142 3862 1221 3919 facta

64 3965 206 4025 minutis.-
233 3982 265 4022 v.
280 3961 356 4022 738:
375 3983 450 4041 quae
467 3963 601 4021 confiunt
617 3978 653 4020 cn
667 3956 1009 4043 horumfootofiynro's.
1040 3981 1072 4020 v.
1091 3960 1167 4022 739:
1185 3980 1221 4019 en
1298 3996 1310 4015 x

63 4064 135 4128 oioo
145 4068 291 4129 Centauri
307 4087 368 4126 non
374 4065 417 4146 fit
429 4067 541 4143 imago.
561 4059 604 4138 V,
617 4063 692 4122 890:
711 4085 748 4123 ne
760 4066 842 4123 sorte
858 4059 1026 4122 calcenone
1041 4071 1072 4124 et
1087 4060 1220 4122 veterino

10 4162 21 4237 ξ
63 4165 180 4230 smine
203 4189 348 4248 equorum
372 4164 496 4250 confieri
520 4169 621 4227 credas
646 4169 811 4226 Centauros
836 4188 931 4246 posse.
962 4163 991 4240 Ι,
1015 4165 1075 4227 714
1096 4185 1163 4245 sq.:
1190 4172 1221 4226 et

10 4250 13 4261 Ι
63 4274 121 4355 qui
136 4272 282 4353 quattuor·
297 4288 333 4330 ec
348 4267 436 4329 redns
451 4291 536 4349 posse
552 4273 653 4331 omnia
667 4275 773 4330 rentur
788 4286 824 4328 eo
839 4265 905 4345 iqnn'
920 4271 1002 4329 terro
1017 4275 1108 4348 atque
1118 4266 1220 4328 onina

63 4391 254 4454 procrescere
270 4380 301 4434 ot
315 4369 414 4433 intro.
447 4391 477 4432 v.
499 4370 574 4433 763:
597 4376 737 4453 Denique
759 4374 903 4452 quattuor
918 4391 954 4431 ec
969 4369 1056 4432 redns
1071 4375 1097 4433 si
1112 4381 1221 4432 cuncta

121 4475 205 4524 notrae,
218 4475 366 4514 Lineamenta.
992 4475 1008 4532 5
