2874 4934
137 378 196 439 154
413 394 455 438 nu
477 392 788 439 suunersrromsus.
836 394 907 440 cer.
932 394 1000 440 mv,

137 565 196 643 Vl,
217 569 313 628 1156:
336 575 427 649 atque
447 575 538 631 animi
561 573 696 651 prorsu'm
715 577 781 630 tum
798 573 873 630 vires
888 574 993 646 totius,
1014 593 1103 632 omne
1119 573 1277 650 languebat

136 694 251 751 corpus.
276 668 501 734 Wakefieldus
518 669 654 734 inseruit
670 677 744 743 4444,
763 669 850 752 quod
866 669 997 752 gravius
1014 677 1066 732 est
1082 693 1182 753 quam
1198 668 1277 751 quod

136 770 215 834 Itali
231 771 355 834 habent
371 779 404 834 44
419 772 581 857 impressi:
599 783 690 857 atque
700 778 792 837 animi
802 799 937 857 prorsum
946 779 1023 836 vires
1033 779 1130 838 totius
1140 782 1173 836 et
1188 797 1278 836 omne.

136 874 333 958 Asyndeton
350 876 612 941 enunciationum
630 884 681 939 est
697 876 738 953 V,
757 879 840 939 1044
855 899 905 957 sq.

222 979 251 1040 3.
279 978 513 1042 14444444444444
532 979 732 1042 secundariae
758 977 914 1041 vicarium
936 986 986 1041 444
1008 978 1223 1059 participium.
1254 977 1278 1049 l,

139 1083 211 1144 211:
229 1087 346 1145 Ennius
361 1089 490 1146 aeternis
505 1090 629 1166 exponit
644 1088 777 1146 versibus
793 1083 893 1144 44444.
924 1104 955 1144 v.
968 1084 1045 1144 190:
1063 1085 1281 1162 crescentesque

137 1209 231 1265 genus
251 1194 379 1248 servant.
410 1207 441 1247 v.
460 1190 536 1249 806:
558 1197 589 1250 44
608 1192 666 1249 4141
685 1195 848 1267 tempestas
869 1190 1009 1266 indulget
1029 1192 1167 1266 tempore
1190 1190 1281 1246 fausto

138 1293 241 1369 solque
261 1312 314 1350 sua
333 1297 417 1371 parte
437 1295 519 1352 fovet
534 1295 702 1371 tribuitque
717 1293 856 1364 colorem,
876 1292 1022 1350 imbribus
1038 1296 1069 1350 et
1084 1293 1156 1350 tabe
1173 1291 1283 1349 nimbo·

139 1416 205 1453 rum
225 1389 360 1451 44444444
381 1397 532 1469 vacillent,
554 1417 683 1456 crescere
704 1417 764 1454 non
785 1396 901 1473 possint
922 1397 1022 1471 fruges
1038 1396 1132 1467 cett,
1156 1389 1197 1452 ad
1214 1411 1245 1471 q.
1262 1388 1282 1449 l.

139 1492 294 1554 boehm:
311 1492 455 1572 ‚,0mnia,
472 1494 590 1578 inquit,
607 1494 758 1557 imbrium
775 1492 895 1575 frigore
912 1492 1046 1554 4444444
1064 1491 1223 1555 vacillent
1239 1499 1285 1554 at·

140 1616 202 1677 que
226 1602 384 1658 nutent.“
422 1595 525 1660 Verbi
555 1604 636 1660 44444
666 1619 740 1660 cum
767 1595 937 1679 participio
962 1594 1093 1677 passivo
1119 1592 1285 1657 coniuncti

140 1698 288 1781 exempla
304 1699 398 1762 affert
413 1698 643 1762 Lachmannus
660 1698 700 1761 ad
716 1699 763 1776 ΙΙ,
776 1701 848 1775 181,
867 1697 996 1760 sedhoc
1007 1698 1079 1759 loco
1099 1719 1168 1760 non
1183 1697 1286 1760 minus

141 1824 235 1884 quam
260 1801 332 1864 loco
357 1801 487 1884 gemino
512 1803 554 1879 V,
575 1806 633 1865 199
660 1823 732 1865 cum
756 1801 862 1864 Pollio
882 1799 1004 1863 Philol.
1026 1799 1155 1883 xxvi,
1179 1822 1211 1882 p.
1229 1802 1287 1862 524

140 1910 318 1986 praeeunte
342 1904 485 1987 Bergkio
515 1904 722 1968 scribendum
752 1911 803 1966 est
831 1909 944 1967 tantast
969 1929 1003 1966 44
1020 1902 1168 1983 praedita
1193 1908 1286 1984 culpa·

142 2009 283 2070 Restant
308 2007 371 2070 loci
402 2008 462 2086 VI,
487 2012 584 2072 1058:
612 2014 747 2072 Pondere
772 2013 851 2071 enim
865 2006 974 2091 fretae
998 2011 1109 2088 partim
1129 2011 1230 2083 44444,
1258 2010 1289 2067 44

142 2110 170 2188 Ι,
189 2114 267 2175 564:
294 2118 335 2174 Et
350 2111 446 2196 finita
463 2117 553 2175 simul
567 2117 734 2194 generatim
750 2121 886 2192 tempora
900 2115 989 2172 rebus
1005 2107 1103 2169 34444.
1135 2109 1287 2186 Isium:

142 2220 233 2277 medii
250 2220 418 2297 cuppedine
434 2215 543 2276 444444.
576 2213 623 2291 ΙΙ,
642 2216 698 2277 274
723 2224 848 2295 argento
858 2211 1003 2296 scalprata
1017 2237 1149 2294 auroque
1165 2216 1289 2275 renidet.

144 2340 174 2378 v.
188 2320 264 2380 193:
282 2327 389 2400 sponte
404 2343 457 2380 sua
472 2326 568 2380 l'acere
582 2322 615 2379 id
630 2323 693 2380 sine
709 2317 739 2377 44
754 2315 909 2396 4444944444
922 2319 1091 2398 putandum
1102 2323 1157 2377 est.
1173 2335 1206 2376 v.
1219 2316 1289 2376 234:

143 2425 195 2484 sed
216 2426 305 2483 citius
326 2426 438 2483 cedunt
462 2426 648 2501 gravioribus
669 2425 859 2499 4444444444.
890 2420 1018 2481 143294
1042 2429 1073 2480 et
1093 2417 1204 2478 444-4444
1224 2421 1291 2497 agni

144 2529 255 2587 ludunt
278 2529 447 2606 blandeque
471 2535 637 2586 coruscant.
674 2545 705 2584 v.
729 2524 808 2585 324:
834 2530 987 2604 praeterea
1010 2543 1136 2601 magnae
1161 2524 1292 2600 legiones

144 2653 212 2690 cum
228 2633 293 2689 loca
308 2652 396 2689 cursu
411 2652 583 2710 camporum
599 2632 761 2708 complent,
777 2630 851 2687 belli
866 2630 1024 2687 simulacra
1033 2623 1156 2684 4444444.
1175 2643 1207 2683 v.
1219 2624 1289 2684 488:

144 2735 351 2791 4444444444
366 2736 488 2795 dextera
503 2736 603 2794 laevis.
628 2752 659 2791 v.
679 2731 755 2792 637:
775 2727 950 2790 4444444414
966 2751 1124 2790 numerum
1140 2730 1293 2808 pulsarent

144 2839 261 2896 aeribus
277 2857 352 2896 aera.
384 2833 432 2911 ΙΙ,
450 2836 527 2897 853:
550 2841 768 2913 concoctosque
787 2857 841 2894 suo
862 2826 1055 2892 contractans
1076 2833 1201 2910 perdere
1221 2833 1293 2890 viro.

144 2941 286 3001 4419824
304 2943 346 3000 sio
360 2943 518 3000 hominum
529 2936 664 3016 ι44444444
680 2939 795 3017 prolem
811 2932 869 3016 (sic
880 2931 1041 2994 Marullus
1051 2953 1109 3015 pro
1120 2930 1292 3012 4444444).

146 3040 213 3117 ΙΙΙ,
232 3042 308 3104 257;
332 3045 409 3103 hanc
430 3046 468 3104 ob
484 3065 547 3103 rem
562 3045 655 3102 vitam
670 3041 829 3101 retinemu’
845 3036 1007 3126 44444444.Ι
1024 3055 1121 3116 supra
1136 3055 1168 3094 r.
1188 3035 1249 3096 193
1266 3042 1295 3096 44

146 3170 207 3208 404
227 3155 272 3208 444
291 3152 393 3207 tamen
412 3149 486 3206 haec
507 3167 574 3225 pars
594 3139 818 3204 411444444444.
849 3137 916 3214 ΙΙΙ,
935 3141 1012 3201 544:
1035 3145 1137 3220 pereat
1159 3136 1294 3216 dispersa

147 3274 200 3331 per
219 3272 313 3310 aures.
344 3245 410 3323 III,
429 3248 507 3309 694:
535 3254 566 3309 et
590 3250 665 3328 lapis
690 3267 842 3325 expressus
867 3241 987 3303 4444444
1011 3265 1027 3304 4
1051 3245 1188 3321 frugibus
1212 3263 1296 3321 asper

148 3350 206 3430 (sic
221 3349 357 3410 Lachm.
379 3369 436 3430 pro
458 3347 589 3430 4444444).
621 3369 653 3409 v.
673 3348 749 3409 702:
774 3344 951 3426 4444444444
972 3349 1051 3407 enim
1073 3367 1126 3425 per
1141 3347 1241 3405 caulas
1261 3377 1292 3388 —

148 3458 283 3534 disperit.
313 3473 345 3513 v.
368 3452 465 3514 1064:
491 3456 636 3514 auxilium
658 3455 748 3512 tectis
771 3454 856 3531 quasi
880 3454 956 3510 ferre
980 3450 1155 3508 ardentibus
1178 3443 1297 3505 4444444

149 3554 207 3636 (sic
218 3560 381 3617 corrector
392 3552 542 3635 quadrati
552 3560 586 3615 et
597 3551 697 3615 ceteri
710 3574 768 3635 pro
779 3551 898 3631 444444).
922 3548 982 3626 IV,
995 3549 1068 3624 397,
1085 3569 1117 3608 v.
1129 3545 1297 3609 Winckel·

148 3680 257 3735 mann,
279 3655 381 3719 Beitr.
405 3679 462 3720 zur
477 3654 564 3719 Krit.
588 3656 645 3718 des
661 3654 759 3717 liner.
776 3676 808 3736 p.
827 3656 878 3715 24.
913 3651 955 3728 V,
973 3653 1070 3714 1259:
1097 3655 1198 3745 nitido
1217 3647 1299 3732 capti

149 3767 267 3844 levique
283 3767 392 3844 lepore.
422 3759 476 3822 Sic
492 3756 690 3822 Veronensis
707 3779 781 3819 cnm
797 3753 893 3817 Italis
909 3762 943 3816 et
959 3753 1100 3817 Mar-ullo
1116 3773 1174 3835 pro
1191 3751 1296 3831 444444.

151 3865 211 3942 VI,
231 3867 290 3927 129
307 3871 398 3928 441444
411 3866 570 3946 Bernays.
601 3884 632 3924 v.
652 3864 728 3924 554:
750 3869 786 3922 ut
804 3866 934 3922 iactetur
955 3882 1048 3939 aquae
1068 3863 1164 3919 fluctu
1179 3879 1298 3937 quoque

150 3980 230 4032 terra
244 3968 405 4030 4444444444.
439 3965 492 4029 Sic
509 3972 673 4029 corrector
689 3961 839 4046 quadrati
856 3967 888 4024 et
904 3959 1067 4023 Avantius
1083 3980 1141 4042 pro
1157 3958 1297 4020 44444444.

157 4070 289 4133 44444444
311 4078 475 4134 corrector
496 4067 632 4151 oblongi
654 4073 688 4130 et
710 4064 788 4128 olim
803 4062 963 4149 impressi,
980 4061 1104 4123 44444444
1121 4058 1297 4123 Antonius.

153 4198 182 4237 v.
206 4177 281 4237 563:
310 4180 455 4237 inclinata
478 4182 579 4236 meant
602 4179 634 4235 in
659 4175 784 4234 eandem
801 4167 928 4249 44444444
953 4175 1078 4248 partem.
1111 4153 1299 4227 Quadratus

150 4278 263 4358 4444144.
288 4317 316 4322 -
347 4299 378 4338 v.
398 4279 457 4340 723
480 4283 620 4338 exoriens.
652 4296 684 4336 v.
703 4276 778 4336 997:
804 4277 837 4334 id
860 4276 923 4333 fieri
948 4275 1030 4350 cogit
1054 4279 1162 4330 natura
1186 4273 1300 4329 viarum

152 4387 340 4447 multimodis
356 4381 490 4442 4444444.
518 4403 548 4441 v.
568 4382 665 4442 1062:
682 4383 906 4455 interutrasque
921 4374 1032 4435 444444.
1065 4393 1095 4432 v.
1115 4372 1215 4433 1141:
1232 4393 1301 4434 nam
