2874 4934
665 348 835 392 secamur.
862 348 933 391 OAP.
950 348 987 391 11.

756 643 827 720 Oap.
852 644 893 701 II.

544 774 734 838 Numerus
759 774 1107 837 substantivorum.

339 933 370 994 1.
395 929 581 1012 Singularis.
605 935 718 993 cervice
733 928 857 1011 legitur
871 928 900 1006 Ι,
918 931 971 992 35.
989 928 1050 1005 VI,
1070 929 1140 992 744.
1163 927 1210 1004 ΙΙ,
1228 931 1290 990 802
1311 933 1403 990 eervi-

254 1044 349 1097 cemst
368 1040 457 1096 recte
480 1032 612 1116 scripsit
627 1031 802 1114 Briegerus
818 1030 939 1094 Philol.
958 1030 1067 1108 XXV,
1084 1054 1115 1114 p.
1137 1032 1185 1094 73.
1219 1029 1404 1092 Collectiva

254 1135 494 1218 significatione
519 1135 567 1212 ΙΙ,
585 1137 645 1198 801
671 1141 774 1218 pluma
795 1140 1012 1219 columbarum.
1058 1132 1234 1194 Notandns
1261 1140 1312 1195 est
1337 1131 1403 1194 sin-

253 1237 377 1321 gularis
399 1239 428 1317 I,
445 1241 524 1302 436:
551 1237 683 1318 corporis
704 1244 828 1320 augebit
849 1263 1007 1301 numerum
1031 1261 1236 1318 summamque
1261 1247 1404 1318 sequetur

254 1341 309 1425 (cf.
326 1343 411 1424 422).
442 1341 525 1404 Toto
542 1339 599 1402 illo
616 1340 689 1402 loco
706 1339 879 1403 Lucretius
897 1346 1092 1423 exposuerat
1108 1338 1216 1401 omnia
1231 1337 1265 1400 in
1280 1338 1402 1400 mundo

253 1451 404 1507 constare
421 1465 461 1507 ex
477 1441 665 1527 corporibus
683 1445 758 1527 (quo
773 1443 892 1528 plurali
908 1441 1037 1526 saepius
1053 1464 1090 1505 eo
1107 1442 1179 1503 loco
1196 1464 1274 1503 usus
1292 1443 1354 1523 est)
1375 1463 1401 1503 s.

252 1545 388 1610 materie
405 1553 439 1610 et
454 1546 553 1609 inani.
599 1547 773 1609 Praeterea
795 1566 1012 1609 commemoro
1033 1545 1124 1607 locos
1141 1544 1313 1628 quosdam,
1332 1543 1403 1625 qui·

253 1650 313 1713 bus
336 1647 512 1731 singularis
533 1648 710 1712 restitutus
731 1655 782 1711 est
801 1671 858 1733 pro
879 1648 1008 1732 plurali.
1041 1648 1068 1725 Ι,
1087 1650 1149 1711 932
1166 1654 1200 1710 et
1215 1647 1276 1725 IV,
1296 1649 1312 1710 7
1335 1653 1403 1710 reli-

252 1758 376 1836 gionum
392 1751 525 1814 unimam
541 1757 627 1815 nodis
644 1757 793 1816 exsolvere
809 1777 901 1835 pergo
918 1751 976 1834 (sic
992 1751 1044 1828 Ia,
1063 1771 1158 1833 quem
1174 1749 1260 1827 vide,
1277 1748 1404 1812 utrobi-

253 1876 326 1938 que,
343 1877 409 1919 non
425 1857 563 1938 animos).
594 1854 718 1917 Contra
733 1860 785 1919 est
800 1854 834 1918 in
850 1854 893 1932 V,
910 1857 949 1918 21
969 1860 1070 1917 dulcia
1084 1859 1272 1937 permulcent
1288 1852 1405 1914 animos

252 1964 362 2023 solacia
375 1965 470 2038 vitae,
489 1957 546 2022 ubi
567 1958 744 2040 quadratus
761 1957 862 2020 habet
878 1964 1019 2021 animum.
1045 1956 1093 2034 ΙΙ,
1111 1959 1172 2019 613
1188 1982 1241 2039 per
1255 1966 1403 2019 terrarum

252 2062 348 2124 orbem
368 2061 426 2145 (sio
449 2062 611 2124 Marullus
635 2082 693 2144 pro
715 2062 824 2142 orbes).
861 2060 927 2136 ΙΙΙ,
951 2062 1027 2123 227:
1053 2065 1086 2123 in
1110 2071 1176 2122 toto
1202 2083 1324 2141 corpore
1342 2059 1398 2119 rei.

253 2164 306 2227 Sic
323 2164 553 2227 Lachmannus
570 2163 702 2248 scripsit
716 2185 774 2247 pro
790 2189 899 2227 rerum.
916 2184 1017 2240 „uam
1032 2168 1266 2246 praecesserat,
1283 2159 1400 2244 inquit,

251 2273 306 2332 Nil
328 2273 422 2331 oculis
444 2277 546 2331 tamen
566 2292 628 2330 esse
652 2273 750 2329 minor
770 2291 816 2329 res
840 2272 905 2348 ipsa
928 2272 1063 2329 videtur:
1090 2272 1123 2328 et
1143 2264 1290 2347 quamvis
1312 2270 1403 2326 recte

254 2369 382 2433 dicatur
397 2395 547 2433 summum
563 2394 669 2452 corpus
684 2394 783 2432 rerum
801 2367 859 2450 (sio
875 2368 1049 2431 Lucretius
1066 2367 1100 2430 in
1115 2367 1177 2444 IV,
1195 2370 1235 2432 43
1252 2370 1320 2451 64),
1339 2389 1402 2450 quo

254 2472 363 2555 aliqua
378 2470 424 2534 rei
441 2471 596 2555 cuiusque
612 2494 686 2555 pars
703 2470 919 2553 significatur,
938 2477 972 2533 et
987 2470 1021 2533 in
1036 2470 1098 2549 IV,
1114 2473 1175 2533 525
1192 2495 1244 2533 suo
1261 2477 1403 2553 pepulere

254 2580 307 2640 ubi
322 2600 444 2659 corpore
459 2600 589 2653 sensum,
605 2573 749 2659 itemque
760 2599 965 2658 quaecumque
981 2581 1038 2636 aut
1054 2585 1154 2637 cetera
1165 2579 1265 2637 celant
1280 2598 1404 2656 corpore

253 2677 287 2741 in
302 2677 350 2756 ΙΙ,
366 2681 426 2742 673
443 2679 516 2756 678,
534 2676 662 2740 scilieet
677 2699 736 2739 suo
752 2675 891 2760 quicque
909 2697 1052 2760 corpore,
1070 2698 1175 2759 neque
1190 2675 1297 2738 minus
1313 2681 1404 2738 recte

253 2781 287 2844 in
309 2779 484 2864 negatione
505 2786 589 2844 nulla
610 2790 732 2844 aeterno
748 2805 884 2862 corpore,
909 2779 992 2842 libro
1018 2780 1046 2857 Ι,
1064 2783 1141 2858 242,
1167 2788 1268 2843 totum
1291 2784 1405 2842 tamen

254 2910 361 2968 corpus
382 2909 481 2959 rerum
503 2883 558 2946 vix
574 2882 654 2945 satis
670 2881 798 2967 proprie
814 2880 971 2945 dieitur“.
1004 2882 1045 2961 V,
1064 2885 1105 2946 34
1120 2888 1233 2947 arboris
1249 2888 1404 2965 amplexus

253 2987 386 3068 stirpem.
419 2986 473 3049 Sic
489 2985 651 3049 Marullus
673 3007 730 3068 pro
747 2985 866 3066 stirpes.
899 2984 941 3061 V,
961 2988 1058 3048 1258:
1083 3011 1158 3069 quae
1181 3011 1248 3049 oum
1265 2993 1406 3049 concreta

253 3095 398 3154 videbant
421 3095 569 3173 posterius
594 3095 673 3153 claro
698 3088 731 3149 in
751 3093 833 3150 terra
857 3094 1014 3171 splendere
1036 3095 1143 3153 colore.
1190 3087 1242 3151 Sic
1264 3088 1403 3150 Lachm.

254 3214 311 3276 pro
327 3191 361 3254 ic
377 3199 486 3256 terras.
532 3191 712 3256 Lambinus
728 3191 761 3253 ic
777 3191 877 3253 terris.

341 3298 370 3358 2.
395 3295 548 3357 Floralia.
580 3294 640 3373 IV,
658 3297 741 3359 1185
761 3319 816 3358 nec
837 3292 963 3356 Veneres
982 3300 1102 3356 nostras
1122 3299 1178 3357 hoo
1200 3300 1294 3372 fallit,
1317 3291 1406 3375 quod

255 3397 380 3460 dietum
394 3404 445 3461 est
455 3397 495 3460 de
509 3396 747 3461 meretricibus.
765 3397 793 3474 Ι,
812 3399 873 3460 152
883 3403 916 3460 in
932 3396 1033 3470 terris,
1051 3396 1137 3479 quod
1153 3395 1192 3459 de
1208 3397 1285 3460 orbe
1301 3403 1405 3459 terra-

254 3523 324 3563 rum
336 3506 387 3563 est
397 3499 633 3584 accipiendum,
651 3499 730 3563 alibi
740 3501 779 3563 de
790 3498 929 3583 singulis
939 3498 1083 3582 regionis
1095 3498 1231 3562 alicuius
1242 3498 1403 3584 partibus,

255 3603 301 3665 sio
322 3603 350 3682 Ι,
369 3606 427 3667 721
451 3609 559 3667 Italiae
581 3609 829 3681 terrarumoras,
852 3601 893 3666 ad
915 3626 947 3684 q.
967 3603 991 3664 l.
1014 3603 1151 3666 Lachm.
1174 3603 1268 3666 affert
1291 3625 1324 3664 v.
1343 3605 1403 3666 717

253 3712 410 3790 triquetris
435 3711 583 3768 terrorum
607 3712 639 3769 in
664 3712 722 3770 oris
747 3712 781 3769 et
805 3705 866 3785 VI,
886 3707 945 3769 713
970 3711 1002 3769 in
1027 3706 1117 3768 terris
1140 3705 1274 3788 Aegypti
1298 3711 1405 3768 totius.

253 3809 418 3892 Frequens
433 3815 493 3898 vest
514 3807 649 3892 pluralis
670 3807 839 3871 nominum
860 3808 1111 3887 abstractorum,
1135 3808 1181 3870 sic
1198 3809 1226 3886 I,
1244 3810 1285 3870 36
1301 3813 1406 3871 avidos

258 3951 290 3958 -
310 3912 403 3974 crisces.
435 3934 466 3976 v.
486 3915 546 3976 105
562 3918 642 3976 vitae
658 3912 803 3975 rationes.
834 3933 864 3974 v.
883 3914 945 3975 106
949 3911 1162 3996 fortunasque
1178 3918 1258 3973 treas.
1290 3933 1322 3972 v.
1341 3913 1405 3974 128

254 4020 324 4079 solis
351 4021 499 4098 lunaeque
523 4022 639 4078 creatas
666 4040 725 4099 qua
750 4021 825 4079 fiant
848 4021 973 4078 ratione.
1006 4018 1066 4078 685
1092 4040 1219 4098 quorum
1243 4035 1406 4076 oenomaus

255 4124 350 4180 molae
370 4155 397 4164 —
423 4124 557 4182 efficiunt
579 4124 667 4201 ignis.
698 4118 726 4196 I,
745 4104 827 4181 1026
848 4147 880 4171 =
900 4117 941 4207 ΙΙ,
963 4120 1026 4180 428
1043 4142 1130 4180 omne
1146 4143 1241 4200 genus
1256 4123 1358 4179 coelus
1374 4129 1406 4180 et

254 4227 349 4282 morus
374 4227 566 4304 experiundo.
612 4220 659 4300 ΙΙ,
682 4225 740 4285 48ε
772 4227 867 4283 metm
891 4226 1047 4284 hominum
1077 4245 1223 4304 curaeque
1253 4245 1404 4303 sequaces.

254 4346 285 4393 v.
303 4327 343 4387 49
360 4325 477 4386 conitar
497 4349 655 4387 armorum.
686 4346 717 4386 V.
737 4326 797 4386 836
819 4333 855 4387 ut
876 4349 936 4387 non
958 4330 1096 4387 omnibus
1118 4330 1271 4388 adtribuas
1286 4325 1406 4411 sonitus
