2874 4934
241 357 301 418 143
658 374 800 418 vruaun.
835 375 905 418 oar.
923 374 969 418 111.

240 541 396 624 Impressi
415 543 486 625 quta
507 542 559 614 att,
582 564 695 625 parum
710 542 839 606 Latine.
872 543 933 621 VI,
953 546 1048 606 1068:
1068 551 1143 606 Saxa
1157 543 1242 605 eides
1258 549 1383 626 primum

245 681 276 690 -—
298 651 468 708 coalescere.
505 642 557 706 Sic
577 645 738 706 Marullus
759 666 816 727 pro
842 645 921 707 vide.
952 645 1000 707 ita
1019 643 1099 707 alibi
1117 652 1219 708 Multa
1241 652 1385 709 elementa

241 752 339 824 vides,
369 752 508 828 Denique
537 752 634 809 multa
663 751 754 810 vides.
800 768 817 809 e
848 747 1009 810 contrario
1041 754 1271 832 Contemplator
1302 754 1384 825 euim,

241 854 393 931 Principio
412 854 505 912 maria
524 873 557 912 ac
578 859 671 913 terras
692 855 867 931 caelumque
886 860 980 913 tuere.
1011 850 1101 914 Haec
1127 850 1215 913 viam
1238 850 1385 913 muniunt

242 951 282 1014 ad
301 950 540 1034 imperativum.

328 1058 357 1116 8.
390 1053 601 1134 Imperatc'ous.
632 1053 680 1130 ΙΙ,
698 1056 795 1117 1023:
813 1061 903 1118 Nunc
917 1061 1050 1119 animum
1065 1061 1151 1120 nobis
1167 1056 1278 1119 adhibe
1294 1081 1384 1120 veram

243 1162 281 1219 ad
300 1162 456 1220 rationem.
492 1154 545 1218 Sic
568 1163 731 1218 corrector
757 1157 907 1238 quadrati
927 1164 961 1220 et
982 1157 1081 1221 ceteri
1103 1181 1160 1242 pro
1182 1159 1383 1222 adhibueram.

244 1258 278 1321 in
299 1258 383 1320 libro
399 1258 427 1334 Ι,
446 1260 484 1320 51
507 1258 595 1320 adite
616 1280 715 1320 oerum
736 1258 954 1323 membranae.
986 1260 1034 1339 II,
1051 1264 1133 1325 1030
1155 1261 1315 1343 Perctpc‘to
1336 1262 1385 1344 (sic

245 1360 381 1424 Irachm.
408 1381 464 1443 pro
485 1359 657 1442 Principio)
680 1367 753 1425 caeli
774 1367 885 1425 clarum
906 1388 1073 1446 purumque
1097 1370 1236 1428 colorem.
1267 1363 1343 1442 „ita
1359 1364 1385 1426 in

244 1464 285 1541 V,
304 1465 343 1526 92
359 1468 511 1545 Principio
527 1469 668 1526 mariaco
683 1474 777 1528 terras
793 1471 968 1548 caelumque
984 1472 1087 1538 tuem
1106 1473 1240 1543 Quorum
1254 1477 1386 1530 naturam

245 1571 396 1649 triplicem
418 1571 482 1628 etc.
514 1563 548 1628 in
564 1564 605 1642 V,
623 1568 684 1629 318
700 1573 840 1650 Denique
859 1574 918 1631 iam
934 1573 1018 1630 tuere
1032 1575 1098 1646 hoc,
1119 1575 1230 1633 circum
1246 1595 1387 1654 supraque

246 1674 326 1751 quod
347 1675 466 1732 omnem
482 1674 626 1733 Continet
647 1676 785 1752 amplexu
804 1677 945 1734 terram.“
976 1670 1042 1748 ΙΙΙ,
1059 1673 1136 1735 437:
1159 1674 1246 1734 crede
1265 1680 1388 1738 animam

246 1797 364 1855 quoque
379 1777 517 1835 diffundi.
545 1771 604 1849 VI,
621 1774 697 1835 335:
716 1773 794 1834 adde
809 1773 889 1856 quod
902 1779 1024 1837 omnino
1040 1783 1148 1837 natura
1162 1781 1299 1858 pondera
1314 1781 1389 1840 deor·

246 1901 311 1939 sum
327 1881 427 1940 omnia
441 1881 590 1938 nituntur.
622 1873 675 1936 Sic
690 1874 826 1937 Lachm.
844 1897 902 1959 pro
919 1875 1027 1937 detecte
1042 1877 1122 1959 quod
1135 1875 1263 1940 dicens:
1288 1877 1389 1957 „illud

246 1979 325 2061 qaod
343 1976 429 2040 unde
450 1976 593 2059 pendeat
612 1976 695 2039 nihil
716 1984 777 2039 est.
810 1998 887 2059 ergo
909 1977 1066 2041 faciemus
1082 1986 1196 2043 ADDE
1218 1982 1316 2064 qaod:
1335 1983 1390 2044 hoc

127 2074 129 2079 ’
247 2079 333 2155 enim
357 2080 443 2145 solet
466 2077 513 2142 ita
537 2085 683 2162 repetere
703 2078 887 2142 Lucretiae.
919 2079 993 2143 vide
1015 2079 1081 2158 ΙΙΙ,
1105 2085 1178 2145 838.
1203 2085 1278 2146 839.
1303 2086 1380 2148 1033

248 2185 341 2248 1037.
374 2182 435 2259 IV,
454 2184 548 2246 1131.
572 2185 665 2245 1133.
697 2181 757 2259 VI,
776 2184 849 2245 611.
868 2184 968 2245 613.“
1001 2182 1061 2260 VI,
1080 2185 1156 2246 189:
1180 2188 1392 2267 contemplator

251 2312 339 2349 emm.

332 2391 362 2450 3.
397 2386 623 2449 Corticacttoua.
661 2409 689 2449 a.
720 2386 864 2448 Afferam
891 2386 1031 2471 primum
1061 2388 1210 2470 exempla
1239 2389 1393 2452 nonnulla

249 2488 449 2554 coniunctivi
468 2488 670 2571 potentialis.
707 2489 735 2566 Ι,
758 2492 818 2552 805
835 2511 923 2571 sqq.:
946 2499 977 2553 et
996 2497 1053 2555 nisi
1073 2501 1236 2575 tempestas
1255 2498 1392 2574 indulget

248 2605 382 2676 tempore
398 2598 497 2656 fausto
512 2599 616 2675 solque
631 2618 685 2656 sua
698 2617 752 2676 pro
768 2601 852 2675 parte
868 2599 951 2657 fovet
964 2599 1131 2677 tribuitque
1141 2602 1279 2673 calorem,
1295 2601 1392 2659 imbri·

248 2703 304 2761 bus
320 2707 351 2760 et
365 2701 435 2759 tabe
451 2701 621 2760 nimborum
630 2702 768 2760 ambusta
777 2701 929 2774 vacillent,
946 2721 1074 2761 crescere
1089 2698 1282 2779 nonpossint
1297 2705 1393 2780 fruges

249 2804 372 2864 arbusta
387 2805 557 2876 animantis,
573 2798 630 2861 ubi
645 2797 679 2861 in
695 2796 923 2862 enunciatione
941 2799 1104 2884 sumptiva
1120 2806 1171 2863 est
1186 2799 1391 2864 indicativus.

248 2902 316 2979 III,
335 2906 412 2965 948:
438 2908 537 2966 omnia
558 2907 582 2965 si
598 2923 710 2983 perpes
724 2907 852 2965 vivendo
868 2908 987 2968 vincere
1002 2910 1105 2968 saecla.
1136 2903 1193 2966 Ia:
1210 2903 1285 2981 „sic
1301 2905 1393 2967 Lam·

249 3004 347 3068 binus
362 3012 451 3068 recte
467 3027 524 3088 pro
541 3026 663 3086 perpes:
683 3003 809 3067 namin
828 3026 924 3068 versu
948 3006 1093 3090 proximo
1118 3005 1241 3088 legitur
1264 3014 1290 3071 si
1314 3034 1393 3071 num-

251 3134 340 3192 quam
355 3115 394 3173 sis
410 3114 601 3173 moriturus.“
632 3106 692 3184 VI,
711 3110 786 3170 568:
810 3115 890 3191 quod
910 3115 968 3172 nisi
983 3110 1131 3190 respirent
1145 3116 1239 3188 venti,
1255 3117 1300 3174 vis
1316 3117 1393 3175 nulla

249 3213 396 3297 offuscet.

336 3315 370 3378 b.
400 3313 617 3377 Coniunctivua
632 3313 664 3376 c'a
681 3313 944 3377 assertationibus
960 3315 1113 3378 oblecticii
1128 3315 1256 3378 alicnde
1265 3317 1394 3398 penden-

253 3418 342 3482 tibus.
369 3417 417 3494 ΙΙ,
436 3419 497 3481 383
514 3439 562 3498 sq.
588 3415 650 3494 IV,
667 3420 743 3481 561:
760 3423 970 3496 intemoscere‚
986 3424 1143 3483 verborum
1159 3405 1311 3483 sententia
1326 3443 1395 3503 quae

252 3522 304 3584 sit.
338 3543 369 3582 v.
388 3521 448 3583 877
459 3544 466 3580 :
488 3527 579 3584 Nunc
598 3525 650 3602 qui
662 3523 725 3603 fiat
746 3526 792 3583 uti
812 3546 913 3602 passus
935 3527 1065 3604 proferre
1080 3545 1220 3607 queamus
1240 3560 1272 3569 -
1293 3529 1394 3587 dicam.

253 3647 285 3686 v.
303 3626 379 3686 929:
404 3628 463 3687 Sed
483 3628 591 3706 quibus
615 3629 687 3686 haec
707 3628 795 3686 rebus
816 3631 932 3688 novitas
954 3628 1077 3709 cortfiat,
1099 3665 1130 3672 -
1151 3631 1315 3708 expediam.
1347 3624 1396 3688 Sic

253 3726 484 3803 Lachmanuus
504 3747 561 3808 pro
584 3727 705 3810 conflat.
739 3726 796 3790 sed
815 3725 964 3810 impressi
985 3729 1133 3811 conflatur
1154 3734 1187 3790 et
1202 3728 1397 3792 recentiores

256 3850 329 3893 cum
352 3828 513 3897 Lambino
545 3831 699 3913 confletur.
741 3829 782 3906 V,
808 3832 886 3893 131:
919 3839 1033 3893 certum
1057 3855 1090 3893 ac
1115 3837 1324 3914 dispositumst
1349 3835 1398 3896 ubi

256 3938 393 4016 quicquit
408 3938 521 3995 crescat
537 3942 567 3996 et
582 3931 668 3994 777177.
701 3931 753 3994 Sic
775 3932 873 3994 etiam
893 3931 958 4009 ΙΙΙ,
978 3934 1049 3996 787.
1080 3933 1121 4011 V,
1140 3938 1211 3998 545.
1244 3935 1305 4012 VI,
1325 3937 1396 3999 78l:

258 4041 376 4103 Deinde
400 4042 500 4103 videre
525 4041 596 4099 licet
621 4060 710 4118 quam
730 4041 843 4100 multae
868 4034 930 4097 stat
954 4042 1069 4100 homini
1094 4062 1139 4100 res
1160 4044 1268 4102 acriter
1292 4044 1398 4102 infesto

257 4165 353 4202 sensu.
390 4139 488 4223 Apud
510 4138 656 4201 Nonium
675 4141 747 4216 394,
770 4139 892 4203 181137
919 4138 1049 4201 omisso
1081 4162 1111 4203 v.
1136 4144 1217 4205 1133
1238 4163 1327 4223 sqq:
1348 4164 1399 4204 nec

258 4248 349 4307 refert
364 4253 536 4307 utrum'nos
550 4249 582 4306 in
598 4248 664 4306 loca
679 4248 870 4306 deveniamus
885 4247 971 4305 nobis
985 4249 1108 4307 adversa
1123 4252 1154 4307 et
1168 4249 1243 4307 caeli
1252 4253 1399 4307 mutemus

258 4352 410 4424 amictum,
427 4371 464 4411 an
481 4352 594 4411 caelum
612 4350 697 4410 uobis
713 4351 793 4409 ultro
810 4353 916 4409 natura
931 4355 1066 4410 coortum
1084 4346 1203 4427 (leserat
1219 4357 1272 4410 aut
1287 4351 1399 4429 aliquid
