<?xml version="1.0" encoding="UTF-8"?>
<!DOCTYPE html PUBLIC "-//W3C//DTD XHTML 1.0 Transitional//EN"
    "http://www.w3.org/TR/xhtml1/DTD/xhtml1-transitional.dtd">
<html xmlns="http://www.w3.org/1999/xhtml" xml:lang="en" lang="en">
 <head>
  <title>
</title>
<meta http-equiv="Content-Type" content="text/html;charset=utf-8" />
  <meta name='ocr-system' content='tesseract 3.04.00' />
  <meta name='ocr-capabilities' content='ocr_page ocr_carea ocr_par ocr_line ocrx_word'/>
</head>
<body>
  <div class='ocr_page' id='page_1' title='image "./syntaxislucreti00holtgoog_0040.png"; bbox 0 0 2874 4934; ppageno 0'>
   <div class='ocr_carea' id='block_1_1' title="bbox 221 364 967 426">
    <p class='ocr_par' dir='ltr' id='par_1_1' title="bbox 221 364 967 426">
     <span class='ocr_line' id='line_1_1' title="bbox 221 364 967 426; baseline 0 -3"><span class='ocrx_word' id='word_1_1' title='bbox 221 364 260 426; x_wconf 79' lang='lat'>28</span> <span class='ocrx_word' id='word_1_2' title='bbox 627 379 797 425; x_wconf 78' lang='lat' dir='ltr'>susaraur.</span> <span class='ocrx_word' id='word_1_3' title='bbox 825 379 897 424; x_wconf 77' lang='lat' dir='ltr'>oar.</span> <span class='ocrx_word' id='word_1_4' title='bbox 914 379 967 423; x_wconf 86' lang='grc' dir='ltr'>ιιι.</span> 
     </span>
    </p>
   </div>
   <div class='ocr_carea' id='block_1_2' title="bbox 217 552 1388 1965">
    <p class='ocr_par' dir='ltr' id='par_1_2' title="bbox 220 552 1387 1349">
     <span class='ocr_line' id='line_1_2' title="bbox 220 552 1386 633; baseline -0.004 -19"><span class='ocrx_word' id='word_1_5' title='bbox 220 557 302 633; x_wconf 89' lang='lat' dir='ltr'>quod</span> <span class='ocrx_word' id='word_1_6' title='bbox 318 557 370 614; x_wconf 89' lang='lat' dir='ltr'>ubi</span> <span class='ocrx_word' id='word_1_7' title='bbox 387 556 564 633; x_wconf 78' lang='lat' dir='ltr'>aequisque</span> <span class='ocrx_word' id='word_1_8' title='bbox 583 555 707 614; x_wconf 87' lang='lat' dir='ltr'>videbat</span> <span class='ocrx_word' id='word_1_9' title='bbox 724 555 908 632; x_wconf 84' lang='lat' dir='ltr'>implicitum</span> <span class='ocrx_word' id='word_1_10' title='bbox 926 554 1047 626; x_wconf 91' lang='lat' dir='ltr'>morbo,</span> <span class='ocrx_word' id='word_1_11' title='bbox 1063 554 1154 612; x_wconf 85' lang='lat' dir='ltr'>morti</span> <span class='ocrx_word' id='word_1_12' title='bbox 1170 553 1334 612; x_wconf 85' lang='lat' dir='ltr'>damnatus</span> <span class='ocrx_word' id='word_1_13' title='bbox 1351 552 1386 609; x_wconf 76' lang='lat' dir='ltr'>ut</span> 
     </span>
     <span class='ocr_line' id='line_1_3' title="bbox 220 649 1384 733; baseline -0.003 -17"><span class='ocrx_word' id='word_1_14' title='bbox 220 664 309 730; x_wconf 86' lang='lat' dir='ltr'>esset,</span> <span class='ocrx_word' id='word_1_15' title='bbox 326 659 467 717; x_wconf 81' lang='lat' dir='ltr'>deficiens</span> <span class='ocrx_word' id='word_1_16' title='bbox 482 659 583 718; x_wconf 89' lang='lat' dir='ltr'>auimo</span> <span class='ocrx_word' id='word_1_17' title='bbox 606 689 637 698; x_wconf 92' lang='lat'><em>-</em></span> <span class='ocrx_word' id='word_1_18' title='bbox 659 657 784 716; x_wconf 81' lang='lat' dir='ltr'>iacebat.</span> <span class='ocrx_word' id='word_1_19' title='bbox 824 651 978 714; x_wconf 85' lang='lat' dir='ltr'>Laohm.:</span> <span class='ocrx_word' id='word_1_20' title='bbox 1002 649 1151 733; x_wconf 75' lang='lat' dir='ltr'>„Aptius</span> <span class='ocrx_word' id='word_1_21' title='bbox 1157 697 1167 727; x_wconf 92' lang='lat'><em>,</em></span> <span class='ocrx_word' id='word_1_22' title='bbox 1190 649 1254 715; x_wconf 88' lang='lat' dir='ltr'>nisi</span> <span class='ocrx_word' id='word_1_23' title='bbox 1270 649 1384 727; x_wconf 85' lang='lat' dir='ltr'>fallor,</span> 
     </span>
     <span class='ocr_line' id='line_1_4' title="bbox 220 752 1385 839; baseline -0.003 -20"><span class='ocrx_word' id='word_1_24' title='bbox 220 762 312 819; x_wconf 85' lang='lat' dir='ltr'>morti</span> <span class='ocrx_word' id='word_1_25' title='bbox 328 761 483 820; x_wconf 86' lang='lat' dir='ltr'>damnatu’</span> <span class='ocrx_word' id='word_1_26' title='bbox 502 761 587 839; x_wconf 89' lang='lat' dir='ltr'>quasi</span> <span class='ocrx_word' id='word_1_27' title='bbox 608 765 699 819; x_wconf 86' lang='lat' dir='ltr'>esset:</span> <span class='ocrx_word' id='word_1_28' title='bbox 723 754 843 816; x_wconf 89' lang='lat' dir='ltr'>falsum</span> <span class='ocrx_word' id='word_1_29' title='bbox 866 752 950 816; x_wconf 90' lang='lat' dir='ltr'>euim</span> <span class='ocrx_word' id='word_1_30' title='bbox 972 753 1101 816; x_wconf 87' lang='lat' dir='ltr'>nullum</span> <span class='ocrx_word' id='word_1_31' title='bbox 1120 753 1234 815; x_wconf 91' lang='lat' dir='ltr'>morbo</span> <span class='ocrx_word' id='word_1_32' title='bbox 1251 773 1385 835; x_wconf 86' lang='lat' dir='ltr'>eorrep-</span> 
     </span>
     <span class='ocr_line' id='line_1_5' title="bbox 220 854 1384 939; baseline -0.003 -20"><span class='ocrx_word' id='word_1_33' title='bbox 220 864 292 920; x_wconf 91' lang='lat' dir='ltr'>tum</span> <span class='ocrx_word' id='word_1_34' title='bbox 318 864 469 920; x_wconf 87' lang='lat' dir='ltr'>sanatum</span> <span class='ocrx_word' id='word_1_35' title='bbox 494 878 577 920; x_wconf 85' lang='lat' dir='ltr'>esse.</span> <span class='ocrx_word' id='word_1_36' title='bbox 603 863 638 919; x_wconf 80' lang='lat' dir='ltr'>ei</span> <span class='ocrx_word' id='word_1_37' title='bbox 658 878 716 939; x_wconf 92' lang='lat' dir='ltr'>pro</span> <span class='ocrx_word' id='word_1_38' title='bbox 737 861 772 918; x_wconf 80' lang='lat' dir='ltr'>ut</span> <span class='ocrx_word' id='word_1_39' title='bbox 790 856 819 918; x_wconf 81' lang='lat' dir='ltr'>ei</span> <span class='ocrx_word' id='word_1_40' title='bbox 839 879 935 938; x_wconf 86' lang='lat' dir='ltr'>quam</span> <span class='ocrx_word' id='word_1_41' title='bbox 960 861 1050 918; x_wconf 81' lang='lat' dir='ltr'>reete</span> <span class='ocrx_word' id='word_1_42' title='bbox 1071 854 1201 918; x_wconf 81' lang='lat' dir='ltr'>dieatur</span> <span class='ocrx_word' id='word_1_43' title='bbox 1222 854 1384 937; x_wconf 80' lang='lat' dir='ltr'>ignoro“.</span> 
     </span>
     <span class='ocr_line' id='line_1_6' title="bbox 221 957 1381 1039; baseline -0.001 -18"><span class='ocrx_word' id='word_1_44' title='bbox 221 960 345 1038; x_wconf 79' lang='lat'><strong>1,2912</strong></span> <span class='ocrx_word' id='word_1_45' title='bbox 370 966 418 1024; x_wconf 92' lang='lat' dir='ltr'>vel</span> <span class='ocrx_word' id='word_1_46' title='bbox 436 966 492 1023; x_wconf 91' lang='lat' dir='ltr'>uti.</span> <span class='ocrx_word' id='word_1_47' title='bbox 512 960 541 1037; x_wconf 88' lang='lat' dir='ltr'>I,</span> <span class='ocrx_word' id='word_1_48' title='bbox 559 962 621 1023; x_wconf 84' lang='lat'>936</span> <span class='ocrx_word' id='word_1_49' title='bbox 643 989 674 1014; x_wconf 90' lang='lat'>=</span> <span class='ocrx_word' id='word_1_50' title='bbox 694 958 757 1036; x_wconf 87' lang='lat' dir='ltr'>IV,</span> <span class='ocrx_word' id='word_1_51' title='bbox 776 961 826 1021; x_wconf 89' lang='grc'>11.</span> <span class='ocrx_word' id='word_1_52' title='bbox 844 957 873 1035; x_wconf 92' lang='lat' dir='ltr'>I,</span> <span class='ocrx_word' id='word_1_53' title='bbox 892 960 986 1021; x_wconf 84' lang='lat'>1038.</span> <span class='ocrx_word' id='word_1_54' title='bbox 1004 957 1052 1034; x_wconf 86' lang='lat' dir='ltr'>II,</span> <span class='ocrx_word' id='word_1_55' title='bbox 1071 960 1110 1020; x_wconf 84' lang='lat'>55</span> <span class='ocrx_word' id='word_1_56' title='bbox 1127 962 1262 1039; x_wconf 79' lang='lat' dir='ltr'>sq.:vel</span> <span class='ocrx_word' id='word_1_57' title='bbox 1276 962 1327 1020; x_wconf 89' lang='lat' dir='ltr'>uti</span> <span class='ocrx_word' id='word_1_58' title='bbox 1348 992 1381 1003; x_wconf 86' lang='lat'>-</span> 
     </span>
     <span class='ocr_line' id='line_1_7' title="bbox 220 1062 1387 1143; baseline -0.002 -17"><span class='ocrx_word' id='word_1_59' title='bbox 220 1068 272 1126; x_wconf 88' lang='lat' dir='ltr'>sio.</span> <span class='ocrx_word' id='word_1_60' title='bbox 303 1062 351 1141; x_wconf 92' lang='lat' dir='ltr'>II,</span> <span class='ocrx_word' id='word_1_61' title='bbox 370 1065 431 1126; x_wconf 85' lang='lat'>118</span> <span class='ocrx_word' id='word_1_62' title='bbox 461 1067 510 1125; x_wconf 87' lang='lat' dir='ltr'>vel</span> <span class='ocrx_word' id='word_1_63' title='bbox 539 1074 584 1124; x_wconf 86' lang='lat' dir='ltr'>ut.</span> <span class='ocrx_word' id='word_1_64' title='bbox 615 1084 646 1123; x_wconf 87' lang='lat' dir='ltr'>v.</span> <span class='ocrx_word' id='word_1_65' title='bbox 670 1063 746 1124; x_wconf 76' lang='lat'>322:</span> <span class='ocrx_word' id='word_1_66' title='bbox 779 1066 881 1125; x_wconf 89' lang='lat' dir='ltr'>omnia</span> <span class='ocrx_word' id='word_1_67' title='bbox 910 1085 986 1143; x_wconf 88' lang='lat' dir='ltr'>quae</span> <span class='ocrx_word' id='word_1_68' title='bbox 1019 1065 1106 1124; x_wconf 91' lang='lat' dir='ltr'>nobis</span> <span class='ocrx_word' id='word_1_69' title='bbox 1136 1065 1227 1142; x_wconf 85' lang='lat' dir='ltr'>longe</span> <span class='ocrx_word' id='word_1_70' title='bbox 1257 1065 1387 1124; x_wconf 78' lang='lat' dir='ltr'>confusa</span> 
     </span>
     <span class='ocr_line' id='line_1_8' title="bbox 225 1161 1384 1245; baseline -0.003 -18"><span class='ocrx_word' id='word_1_71' title='bbox 225 1170 330 1228; x_wconf 85' lang='lat' dir='ltr'>vident</span> <span class='ocrx_word' id='word_1_72' title='bbox 317 1174 368 1228; x_wconf 90' lang='lat' dir='ltr'>tur</span> <span class='ocrx_word' id='word_1_73' title='bbox 390 1174 422 1227; x_wconf 88' lang='lat' dir='ltr'>et</span> <span class='ocrx_word' id='word_1_74' title='bbox 441 1164 544 1226; x_wconf 76' lang='lat' dir='ltr'>velit</span> <span class='ocrx_word' id='word_1_75' title='bbox 509 1169 595 1227; x_wconf 75' lang='lat' dir='ltr'>utin</span> <span class='ocrx_word' id='word_1_76' title='bbox 616 1169 706 1226; x_wconf 88' lang='lat' dir='ltr'>viridi</span> <span class='ocrx_word' id='word_1_77' title='bbox 726 1169 838 1227; x_wconf 85' lang='lat' dir='ltr'>eander</span> <span class='ocrx_word' id='word_1_78' title='bbox 862 1169 1024 1227; x_wconf 76' lang='lat' dir='ltr'>consistere</span> <span class='ocrx_word' id='word_1_79' title='bbox 1049 1168 1129 1226; x_wconf 81' lang='lat' dir='ltr'>colli.</span> <span class='ocrx_word' id='word_1_80' title='bbox 1164 1161 1232 1239; x_wconf 90' lang='lat' dir='ltr'>III,</span> <span class='ocrx_word' id='word_1_81' title='bbox 1249 1162 1313 1226; x_wconf 85' lang='grc'>447</span> <span class='ocrx_word' id='word_1_82' title='bbox 1332 1184 1384 1245; x_wconf 84' lang='lat' dir='ltr'>sq</span> 
     </span>
     <span class='ocr_line' id='line_1_9' title="bbox 227 1264 928 1349; baseline 0 -20"><span class='ocrx_word' id='word_1_83' title='bbox 227 1269 312 1330; x_wconf 78' lang='lat' dir='ltr'>veie</span> <span class='ocrx_word' id='word_1_84' title='bbox 314 1265 563 1349; x_wconf 75' lang='lat' dir='ltr'>bsequitureie,</span> <span class='ocrx_word' id='word_1_85' title='bbox 580 1264 707 1329; x_wconf 85' lang='lat' dir='ltr'>itemv.</span> <span class='ocrx_word' id='word_1_86' title='bbox 727 1269 789 1329; x_wconf 80' lang='lat'>832</span> <span class='ocrx_word' id='word_1_87' title='bbox 806 1272 839 1328; x_wconf 88' lang='lat' dir='ltr'>et</span> <span class='ocrx_word' id='word_1_88' title='bbox 856 1269 928 1329; x_wconf 88' lang='grc'><strong>838.</strong></span> 
     </span>
    </p>

    <p class='ocr_par' dir='ltr' id='par_1_3' title="bbox 217 1368 1388 1965">
     <span class='ocr_line' id='line_1_10' title="bbox 308 1368 1386 1453; baseline 0.002 -23"><span class='ocrx_word' id='word_1_89' title='bbox 308 1372 336 1453; x_wconf 77' lang='grc' dir='ltr'>β)</span> <span class='ocrx_word' id='word_1_90' title='bbox 360 1370 430 1430; x_wconf 73' lang='lat' dir='ltr'><em>Abi.</em></span> <span class='ocrx_word' id='word_1_91' title='bbox 454 1368 628 1453; x_wconf 70' lang='lat' dir='ltr'>qualitatis</span> <span class='ocrx_word' id='word_1_92' title='bbox 660 1368 688 1445; x_wconf 92' lang='lat' dir='ltr'>l,</span> <span class='ocrx_word' id='word_1_93' title='bbox 707 1372 762 1431; x_wconf 84' lang='lat'>65:</span> <span class='ocrx_word' id='word_1_94' title='bbox 785 1368 928 1430; x_wconf 72' lang='lat' dir='ltr'><em>horribili</em></span> <span class='ocrx_word' id='word_1_95' title='bbox 947 1394 1036 1452; x_wconf 91' lang='lat' dir='ltr'>super</span> <span class='ocrx_word' id='word_1_96' title='bbox 1057 1373 1182 1448; x_wconf 75' lang='lat' dir='ltr'>aspecire</span> <span class='ocrx_word' id='word_1_97' title='bbox 1201 1373 1386 1432; x_wconf 74' lang='lat' dir='ltr'><strong>mortalibus</strong></span> 
     </span>
     <span class='ocr_line' id='line_1_11' title="bbox 224 1470 1387 1555; baseline -0.001 -19"><span class='ocrx_word' id='word_1_98' title='bbox 224 1478 350 1536; x_wconf 82' lang='lat' dir='ltr'>instans.</span> <span class='ocrx_word' id='word_1_99' title='bbox 382 1494 412 1532; x_wconf 93' lang='lat' dir='ltr'>v.</span> <span class='ocrx_word' id='word_1_100' title='bbox 433 1475 511 1535; x_wconf 84' lang='lat'>118:</span> <span class='ocrx_word' id='word_1_101' title='bbox 528 1491 660 1550; x_wconf 75' lang='lat' dir='ltr'>peream</span> <span class='ocrx_word' id='word_1_102' title='bbox 654 1470 791 1555; x_wconf 77' lang='lat' dir='ltr'>froude</span> <span class='ocrx_word' id='word_1_103' title='bbox 806 1497 954 1535; x_wconf 88' lang='lat' dir='ltr'>coronam</span> <span class='ocrx_word' id='word_1_104' title='bbox 986 1473 1115 1535; x_wconf 79' lang='lat' dir='ltr'>v.164:</span> <span class='ocrx_word' id='word_1_105' title='bbox 1138 1481 1276 1535; x_wconf 78' lang='lat' dir='ltr'>armenta</span> <span class='ocrx_word' id='word_1_106' title='bbox 1290 1480 1387 1554; x_wconf 87' lang='lat' dir='ltr'>atque</span> 
     </span>
     <span class='ocr_line' id='line_1_12' title="bbox 224 1574 1388 1656; baseline -0.001 -19"><span class='ocrx_word' id='word_1_107' title='bbox 224 1580 300 1638; x_wconf 89' lang='lat' dir='ltr'>aliae</span> <span class='ocrx_word' id='word_1_108' title='bbox 325 1579 471 1656; x_wconf 78' lang='lat' dir='ltr'>pecudes,</span> <span class='ocrx_word' id='word_1_109' title='bbox 494 1599 590 1655; x_wconf 83' lang='lat' dir='ltr'>genus</span> <span class='ocrx_word' id='word_1_110' title='bbox 612 1598 700 1637; x_wconf 92' lang='lat' dir='ltr'>omne</span> <span class='ocrx_word' id='word_1_111' title='bbox 722 1574 885 1636; x_wconf 89' lang='lat' dir='ltr'>ferarum</span> <span class='ocrx_word' id='word_1_112' title='bbox 873 1579 970 1636; x_wconf 74' lang='lat' dir='ltr'>inseri</span> <span class='ocrx_word' id='word_1_113' title='bbox 972 1596 988 1636; x_wconf 90' lang='lat' dir='ltr'>o</span> <span class='ocrx_word' id='word_1_114' title='bbox 1002 1579 1100 1655; x_wconf 76' lang='lat' dir='ltr'>paria</span> <span class='ocrx_word' id='word_1_115' title='bbox 1116 1579 1199 1636; x_wconf 84' lang='lat' dir='ltr'>culta</span> <span class='ocrx_word' id='word_1_116' title='bbox 1213 1598 1248 1637; x_wconf 88' lang='lat' dir='ltr'>ae</span> <span class='ocrx_word' id='word_1_117' title='bbox 1264 1576 1388 1636; x_wconf 84' lang='lat' dir='ltr'>deserta</span> 
     </span>
     <span class='ocr_line' id='line_1_13' title="bbox 224 1675 1387 1758; baseline -0.001 -18"><span class='ocrx_word' id='word_1_118' title='bbox 224 1687 373 1740; x_wconf 81' lang='lat' dir='ltr'>tenerent.</span> <span class='ocrx_word' id='word_1_119' title='bbox 405 1699 436 1738; x_wconf 89' lang='lat' dir='ltr'>v.</span> <span class='ocrx_word' id='word_1_120' title='bbox 455 1675 532 1739; x_wconf 73' lang='lat'><strong>232:</strong></span> <span class='ocrx_word' id='word_1_121' title='bbox 556 1676 680 1738; x_wconf 76' lang='lat' dir='ltr'>marioli</span> <span class='ocrx_word' id='word_1_122' title='bbox 696 1697 817 1756; x_wconf 76' lang='lat' dir='ltr'>corpore</span> <span class='ocrx_word' id='word_1_123' title='bbox 838 1686 1009 1758; x_wconf 79' lang='lat' dir='ltr'>quaesunt.</span> <span class='ocrx_word' id='word_1_124' title='bbox 1041 1699 1072 1737; x_wconf 90' lang='lat' dir='ltr'>v.</span> <span class='ocrx_word' id='word_1_125' title='bbox 1092 1677 1168 1738; x_wconf 75' lang='lat'>242:</span> <span class='ocrx_word' id='word_1_126' title='bbox 1191 1681 1316 1758; x_wconf 86' lang='lat' dir='ltr'>quippe,</span> <span class='ocrx_word' id='word_1_127' title='bbox 1333 1681 1387 1739; x_wconf 91' lang='lat' dir='ltr'>ubi</span> 
     </span>
     <span class='ocr_line' id='line_1_14' title="bbox 223 1778 1388 1858; baseline -0.002 -16"><span class='ocrx_word' id='word_1_128' title='bbox 223 1785 308 1843; x_wconf 88' lang='lat' dir='ltr'>nulla</span> <span class='ocrx_word' id='word_1_129' title='bbox 324 1785 424 1842; x_wconf 84' lang='lat' dir='ltr'>forent</span> <span class='ocrx_word' id='word_1_130' title='bbox 440 1784 562 1840; x_wconf 74' lang='lat' dir='ltr'>aeterno</span> <span class='ocrx_word' id='word_1_131' title='bbox 578 1800 711 1858; x_wconf 75' lang='lat' dir='ltr'>corpore.</span> <span class='ocrx_word' id='word_1_132' title='bbox 743 1802 774 1840; x_wconf 86' lang='lat' dir='ltr'>v.</span> <span class='ocrx_word' id='word_1_133' title='bbox 794 1783 870 1843; x_wconf 79' lang='lat'>246:</span> <span class='ocrx_word' id='word_1_134' title='bbox 891 1778 1034 1842; x_wconf 76' lang='lat' dir='ltr'>iaeoiami</span> <span class='ocrx_word' id='word_1_135' title='bbox 1048 1787 1239 1842; x_wconf 76' lang='lat' dir='ltr'>remanerent</span> <span class='ocrx_word' id='word_1_136' title='bbox 1253 1802 1301 1842; x_wconf 85' lang='lat' dir='ltr'>ras</span> <span class='ocrx_word' id='word_1_137' title='bbox 1320 1799 1388 1840; x_wconf 79' lang='lat' dir='ltr'>eor·</span> 
     </span>
     <span class='ocr_line' id='line_1_15' title="bbox 217 1883 1388 1965; baseline 0.002 -22"><span class='ocrx_word' id='word_1_138' title='bbox 217 1903 304 1961; x_wconf 81' lang='lat' dir='ltr'>pore.</span> <span class='ocrx_word' id='word_1_139' title='bbox 338 1904 368 1945; x_wconf 91' lang='lat' dir='ltr'>v.</span> <span class='ocrx_word' id='word_1_140' title='bbox 394 1883 470 1944; x_wconf 78' lang='lat'><strong>297:</strong></span> <span class='ocrx_word' id='word_1_141' title='bbox 495 1886 600 1961; x_wconf 78' lang='lat' dir='ltr'>aperio</span> <span class='ocrx_word' id='word_1_142' title='bbox 616 1902 738 1960; x_wconf 72' lang='lat' dir='ltr'>corpore</span> <span class='ocrx_word' id='word_1_143' title='bbox 760 1888 913 1965; x_wconf 85' lang='lat' dir='ltr'>quisunt.</span> <span class='ocrx_word' id='word_1_144' title='bbox 946 1904 976 1943; x_wconf 89' lang='lat' dir='ltr'>v.</span> <span class='ocrx_word' id='word_1_145' title='bbox 994 1885 1072 1945; x_wconf 80' lang='lat'>488:</span> <span class='ocrx_word' id='word_1_146' title='bbox 1096 1887 1153 1945; x_wconf 89' lang='lat' dir='ltr'>etsi</span> <span class='ocrx_word' id='word_1_147' title='bbox 1175 1885 1299 1945; x_wconf 77' lang='lat' dir='ltr'>difficile</span> <span class='ocrx_word' id='word_1_148' title='bbox 1321 1906 1388 1945; x_wconf 84' lang='lat' dir='ltr'>esee</span> 
     </span>
    </p>
   </div>
   <div class='ocr_carea' id='block_1_3' title="bbox 111 1982 1387 2067">
    <p class='ocr_par' dir='ltr' id='par_1_4' title="bbox 111 1982 1387 2067">
     <span class='ocr_line' id='line_1_16' title="bbox 111 1982 1387 2067; baseline 0 -21"><span class='ocrx_word' id='word_1_149' title='bbox 111 2015 113 2018; x_wconf 94' lang='lat'>·</span> <span class='ocrx_word' id='word_1_150' title='bbox 225 1989 344 2047; x_wconf 86' lang='lat' dir='ltr'>videtur</span> <span class='ocrx_word' id='word_1_151' title='bbox 360 1990 479 2047; x_wconf 86' lang='lat' dir='ltr'>eredere</span> <span class='ocrx_word' id='word_1_152' title='bbox 495 1989 657 2067; x_wconf 85' lang='lat' dir='ltr'>quiequam</span> <span class='ocrx_word' id='word_1_153' title='bbox 673 1990 705 2046; x_wconf 92' lang='lat' dir='ltr'>in</span> <span class='ocrx_word' id='word_1_154' title='bbox 720 1990 808 2048; x_wconf 87' lang='lat' dir='ltr'>rebus</span> <span class='ocrx_word' id='word_1_155' title='bbox 824 1983 921 2047; x_wconf 77' lang='lat' dir='ltr'>solido</span> <span class='ocrx_word' id='word_1_156' title='bbox 937 1990 1060 2066; x_wconf 88' lang='lat' dir='ltr'>reperiri</span> <span class='ocrx_word' id='word_1_157' title='bbox 1070 2005 1192 2064; x_wconf 77' lang='lat' dir='ltr'>corpore</span> <span class='ocrx_word' id='word_1_158' title='bbox 1201 2008 1298 2067; x_wconf 86' lang='lat' dir='ltr'>posse.</span> <span class='ocrx_word' id='word_1_159' title='bbox 1315 1982 1387 2061; x_wconf 88' lang='lat' dir='ltr'>III,</span> 
     </span>
    </p>
   </div>
   <div class='ocr_carea' id='block_1_4' title="bbox 149 2087 1389 4431">
    <p class='ocr_par' dir='ltr' id='par_1_5' title="bbox 149 2087 1389 4431">
     <span class='ocr_line' id='line_1_17' title="bbox 226 2087 1388 2170; baseline 0 -21"><span class='ocrx_word' id='word_1_160' title='bbox 226 2088 301 2149; x_wconf 82' lang='lat'>177:</span> <span class='ocrx_word' id='word_1_161' title='bbox 320 2092 378 2149; x_wconf 85' lang='lat' dir='ltr'>tibi</span> <span class='ocrx_word' id='word_1_162' title='bbox 395 2111 475 2149; x_wconf 88' lang='lat' dir='ltr'>nuno</span> <span class='ocrx_word' id='word_1_163' title='bbox 491 2093 608 2150; x_wconf 90' lang='lat' dir='ltr'>animus</span> <span class='ocrx_word' id='word_1_164' title='bbox 624 2087 711 2170; x_wconf 78' lang='lat' dir='ltr'>quali</span> <span class='ocrx_word' id='word_1_165' title='bbox 726 2093 767 2151; x_wconf 89' lang='lat' dir='ltr'>sit</span> <span class='ocrx_word' id='word_1_166' title='bbox 777 2108 898 2167; x_wconf 72' lang='lat' dir='ltr'>corpore</span> <span class='ocrx_word' id='word_1_167' title='bbox 913 2125 941 2132; x_wconf 85' lang='lat'>-</span> <span class='ocrx_word' id='word_1_168' title='bbox 959 2111 1082 2170; x_wconf 83' lang='lat' dir='ltr'>pergam</span> <span class='ocrx_word' id='word_1_169' title='bbox 1091 2093 1240 2150; x_wconf 86' lang='lat' dir='ltr'>rationem</span> <span class='ocrx_word' id='word_1_170' title='bbox 1248 2089 1388 2150; x_wconf 85' lang='lat' dir='ltr'>reddere.</span> 
     </span>
     <span class='ocr_line' id='line_1_18' title="bbox 224 2188 1388 2272; baseline 0.003 -23"><span class='ocrx_word' id='word_1_171' title='bbox 224 2188 266 2261; x_wconf 87' lang='lat' dir='ltr'>V,</span> <span class='ocrx_word' id='word_1_172' title='bbox 286 2191 341 2250; x_wconf 85' lang='lat'>33:</span> <span class='ocrx_word' id='word_1_173' title='bbox 365 2188 491 2251; x_wconf 76' lang='lat' dir='ltr'>immani</span> <span class='ocrx_word' id='word_1_174' title='bbox 512 2209 634 2268; x_wconf 73' lang='lat' dir='ltr'>corpore</span> <span class='ocrx_word' id='word_1_175' title='bbox 653 2215 784 2272; x_wconf 86' lang='lat' dir='ltr'>serpens.</span> <span class='ocrx_word' id='word_1_176' title='bbox 814 2212 846 2252; x_wconf 87' lang='lat' dir='ltr'>v.</span> <span class='ocrx_word' id='word_1_177' title='bbox 866 2193 943 2253; x_wconf 82' lang='lat'>241:</span> <span class='ocrx_word' id='word_1_178' title='bbox 970 2196 1083 2272; x_wconf 87' lang='lat' dir='ltr'>quippe</span> <span class='ocrx_word' id='word_1_179' title='bbox 1104 2195 1233 2266; x_wconf 86' lang='lat' dir='ltr'>etenim,</span> <span class='ocrx_word' id='word_1_180' title='bbox 1255 2214 1388 2272; x_wconf 89' lang='lat' dir='ltr'>quornm</span> 
     </span>
     <span class='ocr_line' id='line_1_19' title="bbox 225 2291 1385 2376; baseline 0 -22"><span class='ocrx_word' id='word_1_181' title='bbox 225 2297 321 2374; x_wconf 81' lang='lat' dir='ltr'>partis</span> <span class='ocrx_word' id='word_1_182' title='bbox 338 2303 369 2354; x_wconf 89' lang='lat' dir='ltr'>et</span> <span class='ocrx_word' id='word_1_183' title='bbox 384 2296 518 2354; x_wconf 87' lang='lat' dir='ltr'>membra</span> <span class='ocrx_word' id='word_1_184' title='bbox 534 2296 670 2355; x_wconf 89' lang='lat' dir='ltr'>videmus</span> <span class='ocrx_word' id='word_1_185' title='bbox 685 2313 808 2373; x_wconf 70' lang='lat' dir='ltr'>corpore</span> <span class='ocrx_word' id='word_1_186' title='bbox 823 2291 927 2354; x_wconf 73' lang='lat' dir='ltr'>nativo</span> <span class='ocrx_word' id='word_1_187' title='bbox 943 2317 977 2355; x_wconf 86' lang='lat' dir='ltr'>ae</span> <span class='ocrx_word' id='word_1_188' title='bbox 992 2291 1171 2355; x_wconf 70' lang='lat' dir='ltr'>mortalibus</span> <span class='ocrx_word' id='word_1_189' title='bbox 1186 2317 1249 2356; x_wconf 90' lang='lat' dir='ltr'>esse</span> <span class='ocrx_word' id='word_1_190' title='bbox 1255 2291 1385 2376; x_wconf 66' lang='lat' dir='ltr'>fiyuris.</span> 
     </span>
     <span class='ocr_line' id='line_1_20' title="bbox 149 2393 1387 2477; baseline 0.003 -22"><span class='ocrx_word' id='word_1_191' title='bbox 149 2403 154 2411; x_wconf 83' lang='grc'><strong><em>’</em></strong></span> <span class='ocrx_word' id='word_1_192' title='bbox 225 2417 256 2455; x_wconf 87' lang='lat' dir='ltr'>v.</span> <span class='ocrx_word' id='word_1_193' title='bbox 276 2396 374 2456; x_wconf 80' lang='lat'>1302:</span> <span class='ocrx_word' id='word_1_194' title='bbox 394 2399 484 2458; x_wconf 87' lang='lat' dir='ltr'>boves</span> <span class='ocrx_word' id='word_1_195' title='bbox 500 2400 581 2457; x_wconf 82' lang='lat' dir='ltr'>lucas</span> <span class='ocrx_word' id='word_1_196' title='bbox 598 2394 709 2457; x_wconf 76' lang='lat' dir='ltr'>territo</span> <span class='ocrx_word' id='word_1_197' title='bbox 725 2416 857 2476; x_wconf 75' lang='lat' dir='ltr'>corpore.</span> <span class='ocrx_word' id='word_1_198' title='bbox 875 2393 937 2472; x_wconf 85' lang='lat' dir='ltr'>Vl,</span> <span class='ocrx_word' id='word_1_199' title='bbox 951 2399 1023 2459; x_wconf 76' lang='lat'>102.</span> <span class='ocrx_word' id='word_1_200' title='bbox 1036 2397 1113 2459; x_wconf 84' lang='lat'><strong>361:</strong></span> <span class='ocrx_word' id='word_1_201' title='bbox 1132 2403 1387 2477; x_wconf 80' lang='lat' dir='ltr'>nequesunttam</span> 
     </span>
     <span class='ocr_line' id='line_1_21' title="bbox 226 2496 1384 2581; baseline -0.001 -24"><span class='ocrx_word' id='word_1_202' title='bbox 226 2496 317 2558; x_wconf 77' lang='lat' dir='ltr'>denso</span> <span class='ocrx_word' id='word_1_203' title='bbox 333 2517 456 2577; x_wconf 75' lang='lat' dir='ltr'>corpore</span> <span class='ocrx_word' id='word_1_204' title='bbox 471 2502 574 2561; x_wconf 91' lang='lat' dir='ltr'>nubes.</span> <span class='ocrx_word' id='word_1_205' title='bbox 604 2520 635 2559; x_wconf 91' lang='lat' dir='ltr'>v.</span> <span class='ocrx_word' id='word_1_206' title='bbox 649 2500 726 2560; x_wconf 80' lang='lat'><strong>936:</strong></span> <span class='ocrx_word' id='word_1_207' title='bbox 746 2523 836 2581; x_wconf 89' lang='lat' dir='ltr'>quam</span> <span class='ocrx_word' id='word_1_208' title='bbox 851 2518 922 2560; x_wconf 78' lang='lat' dir='ltr'>roro</span> <span class='ocrx_word' id='word_1_209' title='bbox 938 2518 1060 2578; x_wconf 74' lang='lat' dir='ltr'>corpore</span> <span class='ocrx_word' id='word_1_210' title='bbox 1074 2503 1137 2561; x_wconf 90' lang='lat' dir='ltr'>sint</span> <span class='ocrx_word' id='word_1_211' title='bbox 1150 2522 1206 2562; x_wconf 87' lang='lat' dir='ltr'>res.</span> <span class='ocrx_word' id='word_1_212' title='bbox 1236 2518 1270 2560; x_wconf 82' lang='lat' dir='ltr'>v.</span> <span class='ocrx_word' id='word_1_213' title='bbox 1282 2499 1384 2560; x_wconf 77' lang='lat'>1035:</span> 
     </span>
     <span class='ocr_line' id='line_1_22' title="bbox 226 2598 1387 2683; baseline -0.001 -21"><span class='ocrx_word' id='word_1_214' title='bbox 226 2604 473 2683; x_wconf 86' lang='lat' dir='ltr'>quandoquidem</span> <span class='ocrx_word' id='word_1_215' title='bbox 496 2621 567 2662; x_wconf 81' lang='lat' dir='ltr'>raro</span> <span class='ocrx_word' id='word_1_216' title='bbox 591 2611 663 2664; x_wconf 84' lang='lat' dir='ltr'>sunt</span> <span class='ocrx_word' id='word_1_217' title='bbox 689 2621 822 2682; x_wconf 75' lang='lat' dir='ltr'>corpore.</span> <span class='ocrx_word' id='word_1_218' title='bbox 862 2600 892 2679; x_wconf 92' lang='lat' dir='ltr'>I,</span> <span class='ocrx_word' id='word_1_219' title='bbox 915 2602 992 2663; x_wconf 71' lang='lat'><strong>260:</strong></span> <span class='ocrx_word' id='word_1_220' title='bbox 1023 2626 1101 2664; x_wconf 90' lang='lat' dir='ltr'>nova</span> <span class='ocrx_word' id='word_1_221' title='bbox 1128 2605 1227 2683; x_wconf 92' lang='lat' dir='ltr'>proles</span> <span class='ocrx_word' id='word_1_222' title='bbox 1257 2598 1387 2661; x_wconf 74' lang='lat' dir='ltr'>artabae</span> 
     </span>
     <span class='ocr_line' id='line_1_23' title="bbox 224 2701 1386 2786; baseline 0.003 -24"><span class='ocrx_word' id='word_1_223' title='bbox 224 2701 365 2786; x_wconf 78' lang='lat' dir='ltr'>infirmis.</span> <span class='ocrx_word' id='word_1_224' title='bbox 398 2725 430 2765; x_wconf 91' lang='lat' dir='ltr'>v.</span> <span class='ocrx_word' id='word_1_225' title='bbox 448 2705 527 2767; x_wconf 81' lang='lat'>359:</span> <span class='ocrx_word' id='word_1_226' title='bbox 554 2708 643 2767; x_wconf 87' lang='lat' dir='ltr'>rebus</span> <span class='ocrx_word' id='word_1_227' title='bbox 668 2710 730 2766; x_wconf 90' lang='lat' dir='ltr'>nilo</span> <span class='ocrx_word' id='word_1_228' title='bbox 757 2703 869 2765; x_wconf 67' lang='lat' dir='ltr'>nlaiore</span> <span class='ocrx_word' id='word_1_229' title='bbox 885 2706 1003 2786; x_wconf 71' lang='lat' dir='ltr'>fipiira.</span> <span class='ocrx_word' id='word_1_230' title='bbox 1035 2725 1068 2764; x_wconf 87' lang='lat' dir='ltr'>v.</span> <span class='ocrx_word' id='word_1_231' title='bbox 1092 2705 1169 2766; x_wconf 77' lang='lat'>548:</span> <span class='ocrx_word' id='word_1_232' title='bbox 1196 2710 1268 2765; x_wconf 90' lang='lat' dir='ltr'>sunt</span> <span class='ocrx_word' id='word_1_233' title='bbox 1289 2707 1386 2783; x_wconf 83' lang='lat' dir='ltr'>igitur</span> 
     </span>
     <span class='ocr_line' id='line_1_24' title="bbox 226 2803 1385 2888; baseline 0.002 -23"><span class='ocrx_word' id='word_1_234' title='bbox 226 2803 328 2866; x_wconf 80' lang='lat' dir='ltr'>solida</span> <span class='ocrx_word' id='word_1_235' title='bbox 352 2811 516 2886; x_wconf 90' lang='lat' dir='ltr'>primordia</span> <span class='ocrx_word' id='word_1_236' title='bbox 539 2804 748 2885; x_wconf 68' lang='lat' dir='ltr'>simplicitate.</span> <span class='ocrx_word' id='word_1_237' title='bbox 780 2805 828 2882; x_wconf 90' lang='lat' dir='ltr'>II,</span> <span class='ocrx_word' id='word_1_238' title='bbox 852 2807 928 2869; x_wconf 82' lang='lat'>157:</span> <span class='ocrx_word' id='word_1_239' title='bbox 956 2815 987 2869; x_wconf 88' lang='lat' dir='ltr'>at</span> <span class='ocrx_word' id='word_1_240' title='bbox 1011 2814 1180 2888; x_wconf 84' lang='lat' dir='ltr'>quaesunt</span> <span class='ocrx_word' id='word_1_241' title='bbox 1203 2803 1305 2866; x_wconf 76' lang='lat' dir='ltr'>solida</span> <span class='ocrx_word' id='word_1_242' title='bbox 1325 2809 1385 2886; x_wconf 91' lang='lat' dir='ltr'>pri·</span> 
     </span>
     <span class='ocr_line' id='line_1_25' title="bbox 227 2905 1383 2991; baseline -0.001 -21"><span class='ocrx_word' id='word_1_243' title='bbox 227 2911 344 2970; x_wconf 84' lang='lat' dir='ltr'>mordia</span> <span class='ocrx_word' id='word_1_244' title='bbox 359 2907 568 2989; x_wconf 73' lang='lat' dir='ltr'>simplicitate.</span> <span class='ocrx_word' id='word_1_245' title='bbox 585 2930 617 2970; x_wconf 86' lang='lat' dir='ltr'>v.</span> <span class='ocrx_word' id='word_1_246' title='bbox 631 2910 708 2971; x_wconf 81' lang='lat'>134:</span> <span class='ocrx_word' id='word_1_247' title='bbox 727 2933 852 2991; x_wconf 85' lang='lat' dir='ltr'>eaquae</span> <span class='ocrx_word' id='word_1_248' title='bbox 864 2928 961 2988; x_wconf 75' lang='lat' dir='ltr'>parvo</span> <span class='ocrx_word' id='word_1_249' title='bbox 977 2917 1049 2971; x_wconf 88' lang='lat' dir='ltr'>suut</span> <span class='ocrx_word' id='word_1_250' title='bbox 1065 2932 1189 2991; x_wconf 83' lang='lat' dir='ltr'>corpora</span> <span class='ocrx_word' id='word_1_251' title='bbox 1203 2905 1383 2969; x_wconf 62' lang='grc'><strong>6666111616.</strong></span> 
     </span>
     <span class='ocr_line' id='line_1_26' title="bbox 224 3011 1385 3095; baseline 0.003 -24"><span class='ocrx_word' id='word_1_252' title='bbox 224 3031 256 3071; x_wconf 86' lang='lat' dir='ltr'>v.</span> <span class='ocrx_word' id='word_1_253' title='bbox 277 3011 353 3072; x_wconf 82' lang='lat'><strong>765:</strong></span> <span class='ocrx_word' id='word_1_254' title='bbox 378 3032 540 3074; x_wconf 76' lang='lat' dir='ltr'>marmoreo</span> <span class='ocrx_word' id='word_1_255' title='bbox 556 3017 621 3075; x_wconf 88' lang='lat' dir='ltr'>fieri</span> <span class='ocrx_word' id='word_1_256' title='bbox 635 3017 752 3095; x_wconf 76' lang='lat' dir='ltr'>possint</span> <span class='ocrx_word' id='word_1_257' title='bbox 768 3011 898 3072; x_wconf 75' lang='lat' dir='ltr'>candore</span> <span class='ocrx_word' id='word_1_258' title='bbox 916 3020 1051 3093; x_wconf 86' lang='lat' dir='ltr'>repente.</span> <span class='ocrx_word' id='word_1_259' title='bbox 1082 3033 1114 3072; x_wconf 90' lang='lat' dir='ltr'>v.</span> <span class='ocrx_word' id='word_1_260' title='bbox 1134 3011 1211 3073; x_wconf 79' lang='lat'><strong>779:</strong></span> <span class='ocrx_word' id='word_1_261' title='bbox 1239 3014 1385 3091; x_wconf 81' lang='lat' dir='ltr'>quiddam</span> 
     </span>
     <span class='ocr_line' id='line_1_27' title="bbox 227 3095 1384 3198; baseline 0.003 -24"><span class='ocrx_word' id='word_1_262' title='bbox 227 3118 409 3194; x_wconf 89' lang='lat' dir='ltr'>quadratum</span> <span class='ocrx_word' id='word_1_263' title='bbox 433 3136 556 3196; x_wconf 76' lang='lat' dir='ltr'>areaque</span> <span class='ocrx_word' id='word_1_264' title='bbox 575 3117 692 3198; x_wconf 58' lang='lat' dir='ltr'>figura.</span> <span class='ocrx_word' id='word_1_265' title='bbox 725 3112 788 3190; x_wconf 90' lang='lat' dir='ltr'>IV,</span> <span class='ocrx_word' id='word_1_266' title='bbox 811 3116 888 3176; x_wconf 79' lang='lat'>648:</span> <span class='ocrx_word' id='word_1_267' title='bbox 915 3118 1042 3196; x_wconf 89' lang='lat' dir='ltr'>proinde</span> <span class='ocrx_word' id='word_1_268' title='bbox 1066 3095 1101 3176; x_wconf 76' lang='lat' dir='ltr'>ei</span> <span class='ocrx_word' id='word_1_269' title='bbox 1126 3116 1291 3176; x_wconf 90' lang='lat' dir='ltr'>seminibus</span> <span class='ocrx_word' id='word_1_270' title='bbox 1315 3136 1384 3177; x_wconf 89' lang='lat' dir='ltr'>oon·</span> 
     </span>
     <span class='ocr_line' id='line_1_28' title="bbox 224 3215 1385 3300; baseline 0.003 -24"><span class='ocrx_word' id='word_1_271' title='bbox 224 3225 309 3279; x_wconf 88' lang='lat' dir='ltr'>stant</span> <span class='ocrx_word' id='word_1_272' title='bbox 332 3215 475 3278; x_wconf 74' lang='lat' dir='ltr'>variante</span> <span class='ocrx_word' id='word_1_273' title='bbox 490 3220 608 3300; x_wconf 75' lang='lat' dir='ltr'>fiqara.</span> <span class='ocrx_word' id='word_1_274' title='bbox 662 3215 715 3279; x_wconf 80' lang='lat' dir='ltr'>sie</span> <span class='ocrx_word' id='word_1_275' title='bbox 740 3216 877 3278; x_wconf 85' lang='lat' dir='ltr'>Laohm.</span> <span class='ocrx_word' id='word_1_276' title='bbox 903 3236 976 3298; x_wconf 89' lang='lat' dir='ltr'>pro:</span> <span class='ocrx_word' id='word_1_277' title='bbox 1009 3219 1140 3278; x_wconf 90' lang='lat' dir='ltr'>Proinde</span> <span class='ocrx_word' id='word_1_278' title='bbox 1165 3223 1196 3278; x_wconf 88' lang='lat' dir='ltr'>et</span> <span class='ocrx_word' id='word_1_279' title='bbox 1219 3220 1385 3279; x_wconf 88' lang='lat' dir='ltr'>seminibus</span> 
     </span>
     <span class='ocr_line' id='line_1_29' title="bbox 225 3317 1386 3401; baseline 0.002 -21"><span class='ocrx_word' id='word_1_280' title='bbox 225 3327 375 3381; x_wconf 75' lang='lat' dir='ltr'>constant</span> <span class='ocrx_word' id='word_1_281' title='bbox 399 3324 576 3401; x_wconf 86' lang='lat' dir='ltr'>variantque</span> <span class='ocrx_word' id='word_1_282' title='bbox 603 3326 708 3400; x_wconf 86' lang='lat' dir='ltr'>figura.</span> <span class='ocrx_word' id='word_1_283' title='bbox 740 3317 788 3395; x_wconf 87' lang='lat' dir='ltr'>Il,</span> <span class='ocrx_word' id='word_1_284' title='bbox 814 3320 888 3382; x_wconf 77' lang='lat'>787:</span> <span class='ocrx_word' id='word_1_285' title='bbox 916 3343 975 3400; x_wconf 93' lang='lat' dir='ltr'>quo</span> <span class='ocrx_word' id='word_1_286' title='bbox 1003 3323 1103 3381; x_wconf 91' lang='lat' dir='ltr'>minus</span> <span class='ocrx_word' id='word_1_287' title='bbox 1125 3341 1187 3380; x_wconf 86' lang='lat' dir='ltr'>essa</span> <span class='ocrx_word' id='word_1_288' title='bbox 1208 3337 1268 3378; x_wconf 77' lang='lat' dir='ltr'>uno</span> <span class='ocrx_word' id='word_1_289' title='bbox 1289 3323 1386 3399; x_wconf 78' lang='lat' dir='ltr'>possit</span> 
     </span>
     <span class='ocr_line' id='line_1_30' title="bbox 224 3420 1386 3503; baseline 0.003 -21"><span class='ocrx_word' id='word_1_290' title='bbox 224 3445 271 3483; x_wconf 88' lang='lat' dir='ltr'>res</span> <span class='ocrx_word' id='word_1_291' title='bbox 291 3429 359 3484; x_wconf 83' lang='lat' dir='ltr'>tota</span> <span class='ocrx_word' id='word_1_292' title='bbox 379 3420 488 3483; x_wconf 75' lang='lat' dir='ltr'>iiiore.</span> <span class='ocrx_word' id='word_1_293' title='bbox 525 3445 557 3484; x_wconf 86' lang='lat' dir='ltr'>v.</span> <span class='ocrx_word' id='word_1_294' title='bbox 575 3423 653 3485; x_wconf 81' lang='lat'>909:</span> <span class='ocrx_word' id='word_1_295' title='bbox 680 3446 788 3503; x_wconf 89' lang='lat' dir='ltr'>nempe</span> <span class='ocrx_word' id='word_1_296' title='bbox 812 3431 913 3484; x_wconf 87' lang='lat' dir='ltr'>tamen</span> <span class='ocrx_word' id='word_1_297' title='bbox 939 3425 1053 3484; x_wconf 88' lang='lat' dir='ltr'>debent</span> <span class='ocrx_word' id='word_1_298' title='bbox 1068 3429 1130 3483; x_wconf 84' lang='lat' dir='ltr'>-aut</span> <span class='ocrx_word' id='word_1_299' title='bbox 1149 3443 1270 3483; x_wconf 84' lang='lat' dir='ltr'>sensum</span> <span class='ocrx_word' id='word_1_300' title='bbox 1290 3425 1386 3503; x_wconf 82' lang='lat' dir='ltr'>partis</span> 
     </span>
     <span class='ocr_line' id='line_1_31' title="bbox 226 3520 1388 3606; baseline -0.002 -20"><span class='ocrx_word' id='word_1_301' title='bbox 226 3528 336 3586; x_wconf 86' lang='lat' dir='ltr'>habere</span> <span class='ocrx_word' id='word_1_302' title='bbox 352 3536 406 3586; x_wconf 86' lang='lat' dir='ltr'>aut</span> <span class='ocrx_word' id='word_1_303' title='bbox 421 3523 517 3602; x_wconf 80' lang='lat' dir='ltr'>simili</span> <span class='ocrx_word' id='word_1_304' title='bbox 531 3529 605 3588; x_wconf 86' lang='lat' dir='ltr'>totis</span> <span class='ocrx_word' id='word_1_305' title='bbox 624 3528 805 3587; x_wconf 80' lang='lat' dir='ltr'>animalibus</span> <span class='ocrx_word' id='word_1_306' title='bbox 822 3548 884 3587; x_wconf 91' lang='lat' dir='ltr'>esse</span> <span class='ocrx_word' id='word_1_307' title='bbox 903 3530 1018 3606; x_wconf 85' lang='lat' dir='ltr'>putari,</span> <span class='ocrx_word' id='word_1_308' title='bbox 1041 3520 1112 3584; x_wconf 81' lang='lat' dir='ltr'>soil.</span> <span class='ocrx_word' id='word_1_309' title='bbox 1131 3543 1240 3584; x_wconf 88' lang='lat' dir='ltr'>sensu.</span> <span class='ocrx_word' id='word_1_310' title='bbox 1259 3520 1388 3599; x_wconf 75' lang='lat' dir='ltr'>(similis</span> 
     </span>
     <span class='ocr_line' id='line_1_32' title="bbox 227 3622 1386 3711; baseline 0.001 -25"><span class='ocrx_word' id='word_1_311' title='bbox 227 3624 391 3707; x_wconf 86' lang='lat' dir='ltr'>oblongus</span> <span class='ocrx_word' id='word_1_312' title='bbox 403 3633 437 3690; x_wconf 88' lang='lat' dir='ltr'>et</span> <span class='ocrx_word' id='word_1_313' title='bbox 446 3625 525 3689; x_wconf 92' lang='lat' dir='ltr'>olim</span> <span class='ocrx_word' id='word_1_314' title='bbox 535 3624 701 3711; x_wconf 86' lang='lat' dir='ltr'>impressi:</span> <span class='ocrx_word' id='word_1_315' title='bbox 722 3625 900 3708; x_wconf 88' lang='lat' dir='ltr'>quadratus</span> <span class='ocrx_word' id='word_1_316' title='bbox 912 3632 946 3687; x_wconf 87' lang='lat' dir='ltr'>et</span> <span class='ocrx_word' id='word_1_317' title='bbox 956 3623 1124 3688; x_wconf 88' lang='lat' dir='ltr'>Antonius</span> <span class='ocrx_word' id='word_1_318' title='bbox 1135 3622 1232 3686; x_wconf 88' lang='lat' dir='ltr'>Marii</span> <span class='ocrx_word' id='word_1_319' title='bbox 1240 3623 1386 3704; x_wconf 64' lang='lat' dir='ltr'>sisaim).</span> 
     </span>
     <span class='ocr_line' id='line_1_33' title="bbox 226 3725 1389 3809; baseline 0.001 -20"><span class='ocrx_word' id='word_1_320' title='bbox 226 3751 257 3790; x_wconf 92' lang='lat' dir='ltr'>v.</span> <span class='ocrx_word' id='word_1_321' title='bbox 279 3730 376 3792; x_wconf 81' lang='lat'>1032:</span> <span class='ocrx_word' id='word_1_322' title='bbox 397 3731 564 3809; x_wconf 77' lang='lat' dir='ltr'>praeclare</span> <span class='ocrx_word' id='word_1_323' title='bbox 590 3732 656 3792; x_wconf 81' lang='lat' dir='ltr'>iaee</span> <span class='ocrx_word' id='word_1_324' title='bbox 680 3735 820 3792; x_wconf 86' lang='lat' dir='ltr'>nitorem.</span> <span class='ocrx_word' id='word_1_325' title='bbox 851 3751 884 3790; x_wconf 87' lang='lat' dir='ltr'>v.</span> <span class='ocrx_word' id='word_1_326' title='bbox 903 3731 1002 3792; x_wconf 76' lang='lat'>1054:</span> <span class='ocrx_word' id='word_1_327' title='bbox 1029 3733 1203 3809; x_wconf 84' lang='lat' dir='ltr'>seminaque</span> <span class='ocrx_word' id='word_1_328' title='bbox 1227 3725 1389 3789; x_wconf 72' lang='lat' dir='ltr'>innumero</span> 
     </span>
     <span class='ocr_line' id='line_1_34' title="bbox 226 3832 1388 3918; baseline 0.001 -26"><span class='ocrx_word' id='word_1_329' title='bbox 226 3852 348 3893; x_wconf 77' lang='lat' dir='ltr'>numero</span> <span class='ocrx_word' id='word_1_330' title='bbox 364 3833 709 3918; x_wconf 22' lang='lat' dir='ltr'>summaque-profonda</span> <span class='ocrx_word' id='word_1_331' title='bbox 731 3870 762 3877; x_wconf 95' lang='lat'>-</span> <span class='ocrx_word' id='word_1_332' title='bbox 782 3838 924 3896; x_wconf 86' lang='lat' dir='ltr'>volitent.</span> <span class='ocrx_word' id='word_1_333' title='bbox 955 3854 986 3893; x_wconf 78' lang='lat' dir='ltr'>u.</span> <span class='ocrx_word' id='word_1_334' title='bbox 1006 3832 1104 3895; x_wconf 84' lang='lat'>1086:</span> <span class='ocrx_word' id='word_1_335' title='bbox 1129 3855 1190 3893; x_wconf 89' lang='lat' dir='ltr'>non</span> <span class='ocrx_word' id='word_1_336' title='bbox 1207 3853 1269 3892; x_wconf 89' lang='lat' dir='ltr'>esse</span> <span class='ocrx_word' id='word_1_337' title='bbox 1286 3834 1388 3907; x_wconf 77' lang='lat' dir='ltr'>unica,</span> 
     </span>
     <span class='ocr_line' id='line_1_35' title="bbox 226 3933 1389 4018; baseline -0.001 -22"><span class='ocrx_word' id='word_1_338' title='bbox 226 3938 279 3996; x_wconf 90' lang='lat' dir='ltr'>sed</span> <span class='ocrx_word' id='word_1_339' title='bbox 309 3955 431 3997; x_wconf 68' lang='lat' dir='ltr'>resumere</span> <span class='ocrx_word' id='word_1_340' title='bbox 460 3941 556 4018; x_wconf 79' lang='lat' dir='ltr'>magis</span> <span class='ocrx_word' id='word_1_341' title='bbox 587 3933 782 3998; x_wconf 67' lang='lat' dir='ltr'>interamnii.</span> <span class='ocrx_word' id='word_1_342' title='bbox 820 3933 890 4010; x_wconf 79' lang='lat'>111,</span> <span class='ocrx_word' id='word_1_343' title='bbox 910 3934 986 3998; x_wconf 80' lang='lat'><strong>779:</strong></span> <span class='ocrx_word' id='word_1_344' title='bbox 1019 3942 1176 4016; x_wconf 81' lang='lat' dir='ltr'>expectare</span> <span class='ocrx_word' id='word_1_345' title='bbox 1206 3937 1389 3995; x_wconf 84' lang='lat' dir='ltr'>immortalis</span> 
     </span>
     <span class='ocr_line' id='line_1_36' title="bbox 226 4032 1387 4121; baseline 0 -22"><span class='ocrx_word' id='word_1_346' title='bbox 226 4042 368 4100; x_wconf 89' lang='lat' dir='ltr'>mortalia</span> <span class='ocrx_word' id='word_1_347' title='bbox 382 4044 517 4102; x_wconf 84' lang='lat' dir='ltr'>membra</span> <span class='ocrx_word' id='word_1_348' title='bbox 531 4039 689 4101; x_wconf 76' lang='lat' dir='ltr'>innumero</span> <span class='ocrx_word' id='word_1_349' title='bbox 705 4059 837 4100; x_wconf 76' lang='lat' dir='ltr'>numero.</span> <span class='ocrx_word' id='word_1_350' title='bbox 860 4059 890 4098; x_wconf 92' lang='lat' dir='ltr'>v.</span> <span class='ocrx_word' id='word_1_351' title='bbox 910 4039 986 4100; x_wconf 82' lang='lat'>897:</span> <span class='ocrx_word' id='word_1_352' title='bbox 999 4035 1103 4121; x_wconf 70' lang='lat' dir='ltr'>sociis</span> <span class='ocrx_word' id='word_1_353' title='bbox 1110 4032 1297 4121; x_wconf 74' lang='lat' dir='ltr'>florentibus</span> <span class='ocrx_word' id='word_1_354' title='bbox 1312 4059 1387 4098; x_wconf 85' lang='lat' dir='ltr'>esse.</span> 
     </span>
     <span class='ocr_line' id='line_1_37' title="bbox 226 4137 1385 4225; baseline -0.003 -25"><span class='ocrx_word' id='word_1_355' title='bbox 226 4138 289 4215; x_wconf 89' lang='lat' dir='ltr'>IV,</span> <span class='ocrx_word' id='word_1_356' title='bbox 306 4142 383 4203; x_wconf 74' lang='lat'>426:</span> <span class='ocrx_word' id='word_1_357' title='bbox 402 4147 536 4224; x_wconf 83' lang='lat' dir='ltr'>porticus</span> <span class='ocrx_word' id='word_1_358' title='bbox 552 4142 675 4225; x_wconf 76' lang='lat' dir='ltr'>aequali</span> <span class='ocrx_word' id='word_1_359' title='bbox 691 4147 827 4223; x_wconf 87' lang='lat' dir='ltr'>quamvis</span> <span class='ocrx_word' id='word_1_360' title='bbox 843 4150 890 4204; x_wconf 90' lang='lat' dir='ltr'>est</span> <span class='ocrx_word' id='word_1_361' title='bbox 905 4145 1035 4222; x_wconf 89' lang='lat' dir='ltr'>denique</span> <span class='ocrx_word' id='word_1_362' title='bbox 1051 4139 1155 4200; x_wconf 72' lang='lat' dir='ltr'>(iuria.</span> <span class='ocrx_word' id='word_1_363' title='bbox 1174 4160 1204 4199; x_wconf 90' lang='lat' dir='ltr'>v.</span> <span class='ocrx_word' id='word_1_364' title='bbox 1222 4137 1285 4199; x_wconf 87' lang='grc'>480</span> <span class='ocrx_word' id='word_1_365' title='bbox 1297 4158 1385 4221; x_wconf 84' lang='lat' dir='ltr'>sqq.:</span> 
     </span>
     <span class='ocr_line' id='line_1_38' title="bbox 227 4242 1389 4328; baseline -0.001 -23"><span class='ocrx_word' id='word_1_366' title='bbox 227 4266 296 4305; x_wconf 88' lang='lat' dir='ltr'>nam</span> <span class='ocrx_word' id='word_1_367' title='bbox 312 4242 426 4306; x_wconf 72' lang='lat' dir='ltr'>maiore</span> <span class='ocrx_word' id='word_1_368' title='bbox 434 4244 502 4328; x_wconf 75' lang='lat' dir='ltr'>fide</span> <span class='ocrx_word' id='word_1_369' title='bbox 518 4249 610 4307; x_wconf 85' lang='lat' dir='ltr'>debet</span> <span class='ocrx_word' id='word_1_370' title='bbox 629 4250 788 4326; x_wconf 87' lang='lat' dir='ltr'>reperirier</span> <span class='ocrx_word' id='word_1_371' title='bbox 806 4249 884 4307; x_wconf 89' lang='lat' dir='ltr'>illud</span> <span class='ocrx_word' id='word_1_372' title='bbox 906 4252 1014 4325; x_wconf 83' lang='lat' dir='ltr'>sponte</span> <span class='ocrx_word' id='word_1_373' title='bbox 1029 4267 1083 4305; x_wconf 89' lang='lat' dir='ltr'>sua</span> <span class='ocrx_word' id='word_1_374' title='bbox 1097 4245 1175 4304; x_wconf 89' lang='lat' dir='ltr'>veris</span> <span class='ocrx_word' id='word_1_375' title='bbox 1193 4245 1274 4323; x_wconf 85' lang='lat' dir='ltr'>quod</span> <span class='ocrx_word' id='word_1_376' title='bbox 1290 4246 1389 4321; x_wconf 87' lang='lat' dir='ltr'>possit</span> 
     </span>
     <span class='ocr_line' id='line_1_39' title="bbox 227 4345 1387 4431; baseline 0.003 -24"><span class='ocrx_word' id='word_1_377' title='bbox 227 4350 345 4411; x_wconf 86' lang='lat' dir='ltr'>vinoere</span> <span class='ocrx_word' id='word_1_378' title='bbox 370 4352 457 4411; x_wconf 85' lang='lat' dir='ltr'>falsa:</span> <span class='ocrx_word' id='word_1_379' title='bbox 483 4350 558 4430; x_wconf 89' lang='lat' dir='ltr'>quid</span> <span class='ocrx_word' id='word_1_380' title='bbox 578 4345 692 4408; x_wconf 72' lang='lat' dir='ltr'>iuniore</span> <span class='ocrx_word' id='word_1_381' title='bbox 706 4347 774 4431; x_wconf 76' lang='lat' dir='ltr'>fide</span> <span class='ocrx_word' id='word_1_382' title='bbox 797 4371 885 4430; x_wconf 91' lang='lat' dir='ltr'>porro</span> <span class='ocrx_word' id='word_1_383' title='bbox 910 4370 1001 4429; x_wconf 89' lang='lat' dir='ltr'>quam</span> <span class='ocrx_word' id='word_1_384' title='bbox 1022 4370 1125 4408; x_wconf 88' lang='lat' dir='ltr'>seusus</span> <span class='ocrx_word' id='word_1_385' title='bbox 1147 4349 1251 4408; x_wconf 85' lang='lat' dir='ltr'>haberi</span> <span class='ocrx_word' id='word_1_386' title='bbox 1271 4348 1387 4411; x_wconf 78' lang='lat' dir='ltr'>debet‘i</span> 
     </span>
    </p>
   </div>
   <div class='ocr_carea' id='block_1_5' title="bbox 0 0 1442 4934">
    <p class='ocr_par' dir='ltr' id='par_1_6' title="bbox 0 0 1442 4934">
     <span class='ocr_line' id='line_1_40' title="bbox 0 0 1442 4934; baseline 0 0"><span class='ocrx_word' id='word_1_387' title='bbox 0 0 1442 4934; x_wconf 95' lang='lat' dir='ltr'> </span> 
     </span>
    </p>
   </div>
  </div>
 </body>
</html>
