2874 4934
248 360 308 418 164
488 376 528 418 55
551 376 672 419 culino.
700 377 736 418 ur
761 378 958 420 5555555515.
995 378 1067 421 555.
1086 377 1154 420 xiv.

245 568 334 606 error.
367 566 398 604 v.
417 546 490 606 921.
523 543 589 622 Ill,
608 547 681 608 641.
707 547 779 608 765.
804 549 898 609 1068.
931 544 992 623 IV,
1010 549 1084 608 254.
1110 547 1183 608 792.
1210 548 1397 609 8481126.

244 645 285 721 V,
303 648 377 709 405.
396 649 469 710 875.
498 647 556 724 111,
577 648 648 711 135.
669 652 740 711 185.
759 650 832 712 674.
853 649 924 711 732.
944 650 1016 712 788.
1035 650 1135 713 1040.
1145 646 1202 724 ,IL
1220 651 1304 711 8095
1322 648 1399 710 Scire

243 748 327 821 licet,
354 755 417 812 sine
443 775 477 812 eo
501 756 564 813 fieri
589 776 650 814 non
670 776 755 833 posse
778 756 987 834 putandumst,
1012 773 1044 812 v.
1062 750 1213 828 Lachm„
1237 750 1296 833 qui
1311 751 1398 814 affert

243 850 303 927 IV,
317 852 394 914 7785
414 852 536 914 Scilicet
546 859 578 917 id
587 859 651 916 fieri
661 860 751 917 celeri
760 860 877 918 ratione
888 859 1096 937 putandumst.
1121 853 1271 931 „Restat
1281 861 1395 931 tamen,

242 952 360 1034 inquit,
378 961 416 1017 55
432 954 643 1034 deliberetur,
660 955 850 1040 potueritne
865 956 919 1019 hic
935 956 1036 1019 semel
1046 953 1223 1018 Lucretius
1238 956 1318 1018 55155
1333 956 1396 1017 licet

242 1055 393 1119 absolute
409 1079 541 1139 ponere,
560 1080 633 1121 cum
651 1066 765 1122 contra
782 1057 1054 1122 consuetudinem
1064 1081 1155 1120 suam
1167 1058 1273 1120 semel
1287 1059 1396 1121 55571555

242 1178 315 1219 cum
332 1158 495 1222 infinitivo
513 1160 730 1240 coniunxerit,
752 1163 784 1225 in
802 1162 849 1239 ΙΙ,
867 1164 928 1226 469
946 1167 1068 1225 Scilicet
1083 1186 1146 1225 esse
1161 1166 1299 1244 globosa,
1320 1159 1395 1225 etin

240 1259 269 1338 I,
282 1264 428 1326 21011555
444 1268 586 1326 videlicet
601 1271 634 1327 in
649 1273 737 1328 terris
753 1270 917 1348 primordia
931 1270 1061 1328 rerum.“
1086 1267 1285 1351 [1555555555
1299 1263 1393 1327 inser·

239 1370 310 1425 tum
333 1371 384 1425 est
407 1365 549 1429 5155511555
572 1366 600 1444 Ι,
619 1370 692 1430 385.
732 1368 830 1452 Usque
846 1368 874 1446 Ι,
892 1370 969 1431 8525
994 1374 1026 1430 in
1047 1377 1129 1432 totas
1150 1388 1245 1450 acque
1265 1373 1303 1430 ab
1323 1371 1393 1430 radi·

239 1472 333 1529 cibus.
364 1490 395 1530 v.
415 1471 491 1531 553:
517 1475 576 1533 iam
596 1462 720 1554 corpora
740 1477 878 1534 materiai
898 1492 992 1555 acque
1007 1476 1130 1538 redacta
1145 1475 1257 1534 forent.
1288 1493 1320 1533 v.
1339 1473 1391 1534 755

240 1590 280 1630 cx
297 1572 424 1634 emend.
442 1571 647 1635 Lachmanni
662 1597 720 1657 pro
736 1575 835 1658 55555.
861 1573 910 1651 ΙΙ,
928 1576 1005 1636 5155
1024 1579 1154 1655 denique
1169 1578 1207 1636 ab
1222 1579 1346 1655 ignibus
1359 1578 1392 1636 ad

237 1679 352 1753 gelidas
377 1682 436 1739 iter
459 1698 553 1759 55555
577 1683 698 1758 pruinas
723 1682 874 1740 finitumst
898 1689 1038 1759 retroque
1059 1683 1123 1759 pari
1142 1682 1262 1741 ratione
1283 1702 1390 1740 remen·

237 1786 341 1839 sumst.
374 1778 537 1855 111,586:
560 1785 637 1842 foras
657 1790 800 1843 manante
820 1785 922 1843 anima
942 1800 1036 1864 acque
1051 1805 1105 1863 per
1119 1790 1202 1842 artus
1219 1785 1303 1842 cett.
1334 1778 1389 1856 IV,

237 1879 309 1941 3745
329 1905 344 1942 5
360 1886 483 1961 regione
499 1887 602 1944 eadem
618 1907 673 1945 nos
688 1903 782 1966 55555
796 1893 908 1946 555555.
934 1883 975 1961 V,
994 1884 1071 1946 6405
1089 1888 1235 1946 brumalis
1250 1887 1403 1966 55555515

234 1987 335 2046 flexus.
359 1984 505 2046 Additur
521 1984 620 2048 etiam
636 2007 668 2046 v.
687 2006 732 2058 55,
750 1985 836 2061 adeo,
854 2007 922 2069 quo,
941 2008 971 2047 v.
990 2006 1087 2068 supra
1102 2006 1174 2068 cap.
1186 1983 1255 2061 ΙΙΙ,
1274 1984 1387 2070 C‚1‚·a.

320 2088 350 2147 8.
376 2087 527 2149 Aduerbio
554 2091 599 2165 (ct
623 2086 864 2166 5551555515555)
887 2087 1041 2168 55555155.
1075 2085 1339 2169 Antiquissimae
1360 2094 1388 2150 et

234 2188 495 2271 simplicissimae
515 2185 639 2252 formae
660 2188 848 2271 negationis
871 2196 949 2252 sunt
970 2201 1007 2251 55
1029 2198 1064 2252 55
1083 2189 1128 2250 51.
1159 2189 1208 2251 Ne
1227 2189 1388 2252 invenitur

233 2291 319 2375 apud
334 2291 525 2354 Lucretium
542 2290 575 2353 15
593 2290 825 2354 555155551555
847 2293 917 2353 dam
932 2293 1016 2354 modo
1032 2315 1071 2354 55
1086 2291 1152 2369 ΙΙΙ,
1170 2295 1247 2370 410,
1263 2292 1346 2356 item
1360 2292 1386 2354 15

234 2418 272 2457 55
287 2396 372 2472 clam,
399 2394 439 2456 de
462 2416 525 2477 quo
547 2393 620 2456 vide
642 2416 670 2456 c.
690 2394 752 2471 XI,
769 2397 800 2472 3,
818 2416 846 2457 5.
878 2393 923 2456 Ni
941 2393 976 2456 15
996 2395 1030 2456 ai
1044 2395 1169 2473 551555,
1196 2396 1286 2477 quod
1303 2401 1388 2459 extat

233 2499 262 2578 Ι,
281 2502 354 2564 277.
373 2502 447 2563 865.
465 2500 539 2560 368.
558 2499 631 2560 561.
650 2500 723 2559 502.
742 2500 816 2560 601.
835 2500 907 2560 668.
926 2499 999 2559 992.
1032 2496 1079 2576 II,
1098 2501 1153 2561 955
1176 2505 1230 2562 sed
1253 2506 1388 2582 quoniam

234 2614 362 2681 constat,
380 2602 548 2674 55515555,
567 2607 652 2665 nulla
667 2608 752 2685 quies
768 2613 814 2665 est
829 2607 949 2664 reddita
963 2607 1147 2683 corporibus.
1179 2624 1210 2664 v.
1230 2604 1306 2667 161.
1327 2601 1386 2677 ΙΙΙ,

233 2711 312 2772 9785
331 2714 432 2788 Atque
449 2730 493 2782 ea,
509 2704 663 2766 nimirum
680 2710 745 2766 etc.
768 2704 831 2782 lv,
844 2707 920 2769 6625
938 2728 1050 2786 aspera,
1066 2703 1237 2778 nimirum,
1256 2713 1388 2788 penetrat

232 2819 413 2894 hamataque
430 2816 538 2872 fauces.
565 2806 619 2870 sic
635 2807 716 2870 Itali
732 2815 766 2870 et
781 2805 962 2869 Brixiensis
979 2805 1080 2869 editio
1096 2828 1155 2888 pro
1171 2828 1263 2888 55555·
1278 2807 1386 2870 55155-

230 2935 308 2976 555.
341 2910 491 2974 Handius
515 2909 556 2977 15,
574 2909 760 2973 Tursellino
786 2909 849 2988 IV,
874 2933 907 2993 p.
932 2913 1009 2974 2055
1036 2908 1173 2988 „Etiam
1198 2907 1387 2992 simpliciter

232 3016 324 3079 addit
341 3014 605 3091 affirmationem,
627 3012 679 3075 cui
695 3011 907 3094 subiungitur
922 3011 1085 3095 expositio
1096 3032 1244 3074 caussae.
1272 3012 1386 3076 Is‘ucre·

230 3119 297 3181 tius
313 3119 347 3180 in
363 3116 537 3181 afferendis
554 3115 678 3180 caussis
694 3114 884 3199 saepissime
895 3121 1031 3198 usurpat
1042 3114 1142 3179 verba
1151 3114 1297 3178 5555555
1306 3115 1384 3200 quio,

231 3243 313 3304 quae
330 3221 520 3304 significant
535 3221 601 3282 5555
617 3219 721 3292 dubie,
738 3223 828 3280 55555.
860 3216 928 3296 ΙΙΙ,
947 3219 1024 3281 1945
1047 3223 1152 3281 haeret
1168 3223 1250 3281 euim
1266 3224 1347 3282 inter
1359 3241 1385 3280 sc

230 3331 326 3406 magis
342 3331 438 3387 omnis
461 3329 598 3386 materiai
614 3328 717 3404 Copia,
738 3322 772 3383 55
788 3320 908 3394 sairam,
930 3320 1003 3404 quic
1018 3345 1081 3383 non
1095 3329 1159 3382 tam
1174 3325 1294 3384 levibus
1310 3327 1385 3386 extat

230 3433 421 3511 Corporibus.
453 3425 520 3502 ΙΙΙ,
540 3428 613 3488 226.
635 3428 709 3487 492.
735 3426 806 3488 566.
839 3421 903 3501 IV,
920 3424 993 3487 370.
1018 3426 1092 3487 599.
1123 3420 1184 3500 VI,
1203 3425 1267 3486 232
1289 3422 1383 3508 [quic

229 3530 387 3592 nimirum
403 3528 526 3611 etc.].“
557 3526 617 3589 His
634 3525 793 3610 exemplis
812 3525 896 3588 adde
912 3524 940 3602 I,
958 3529 1031 3588 814.
1063 3524 1111 3602 ΙΙ,
1130 3526 1203 3588 939.
1235 3525 1299 3603 VI,
1316 3527 1383 3589 311.

230 3635 303 3696 662.
337 3631 506 3695 Potuisset
521 3630 637 3694 eodem
652 3629 721 3693 iure
738 3649 991 3691 commemorare
1007 3625 1157 3689 Handius
1176 3626 1211 3689 55
1224 3627 1335 3690 mirum
1352 3663 1381 3674 -

229 3738 320 3820 qaod,
339 3735 426 3818 quod
442 3733 608 3797 invenitur
623 3733 671 3812 ΙΙ,
685 3736 758 3811 889,
775 3732 855 3795 item
871 3731 905 3792 55
919 3730 1028 3792 mirram
1043 3769 1074 3776 —
1089 3729 1243 3814 55551555.
1267 3729 1297 3809 Ι,
1309 3732 1382 3794 5245

228 3845 353 3903 51555515
377 3845 486 3921 igitur,
510 3838 544 3900 51
568 3838 692 3913 515555,
723 3861 831 3918 corpus
856 3839 939 3898 inani
964 3838 1143 3896 distinctum
1167 3833 1311 3916 55555555
1334 3855 1384 3897 555

229 3949 352 4025 plenum
368 3948 486 4005 naviter
502 3950 585 4005 extat
601 3945 683 4002 cett.
715 3939 858 4001 Transeo
876 3937 917 3999 ad
933 3934 1212 3999 5555555551555.
1239 3936 1384 3999 Restitu-

227 4051 301 4108 tum
316 4044 349 4108 id
366 4050 418 4108 est
433 4044 468 4107 in
483 4043 627 4107 editione
643 4040 808 4106 Brixiensi
822 4062 880 4125 pro
901 4061 954 4101 555
969 4038 1032 4116 IV,
1050 4041 1127 4102 818:
1149 4044 1202 4101 Fit
1216 4063 1338 4122 quoque
1353 4045 1385 4101 ut

227 4156 308 4213 inter
323 4155 396 4212 dum
412 4169 472 4210 555
488 4153 701 4230 suppeditetur
714 4151 816 4227 imago
831 4149 965 4208 eiusdem
975 4147 1103 4224 generis.
1135 4139 1383 4204 coniunctionis

227 4275 287 4314 555
312 4252 377 4336 quit
402 4249 528 4313 Pollius
550 4248 673 4312 Philol.
699 4247 828 4324 XXVI,
850 4270 882 4330 p.
906 4249 968 4309 528
992 4245 1074 4307 15555
1099 4243 1251 4326 exempla
1274 4243 1382 4307 affert:

226 4356 255 4434 l.
276 4359 347 4419 751.
375 4355 441 4432 111,
454 4357 527 4416 554.
554 4353 614 4429 lV,
634 4355 728 4416 1164.
748 4353 842 4414 1166.
873 4346 1094 4430 Coniungitur
1111 4368 1184 4409 cum
1201 4345 1382 4424 adiectivis,
