2874 4934
330 372 428 418 orsus
443 371 746 417 sunsrnurrvouuu.
777 371 929 416 numius.
1162 350 1203 416 41

46 543 223 626 eleganter
242 541 345 604 arada.
379 563 410 603 v.
429 543 508 605 463:
531 566 607 624 quae
622 547 733 605 violare
749 546 841 604 fidem
857 546 942 624 quasi
957 540 1092 602 seraitae
1107 546 1208 604 omnia

47 653 211 728 quaerunt.
243 666 275 706 v.
294 646 370 708 564:
397 649 523 707 verbum
546 669 634 726 saepe
658 669 752 706 unum
776 649 890 726 perciet
914 649 993 707 auris
1017 641 1152 704 omuibus
1174 649 1206 706 in

47 753 174 830 populo.
204 767 238 809 v.
253 749 334 810 641:
356 755 390 809 at
409 746 510 827 eapra'e
526 751 629 829 adipes
649 755 681 808 et
701 744 906 807 coturnicibus
925 753 1026 826 auget.
1056 767 1088 807 v.
1107 746 1204 807 1064:

48 855 164 932 pabula
177 853 287 913 amoris
303 847 470 910 absterrere
483 848 553 910 stet.
576 870 607 910 v.
621 849 719 911 1233:
737 853 803 911 Nee
819 853 921 911 divina
934 855 1033 911 satum
1043 852 1208 927 genitalem

50 959 177 1017 numina
191 951 332 1035 ramora
347 950 526 1013 absterrent.
551 972 583 1012 v.
596 951 694 1015 1067:
712 959 743 1013 et
758 975 874 1013 servare
889 949 948 1012 siba·
963 975 1064 1012 euram
1078 959 1208 1013 eertum·

52 1080 110 1136 que
134 1060 279 1119 dolorem.
318 1075 351 1116 v.
377 1054 477 1116 1098:
507 1058 645 1117 ardorem
675 1057 727 1134 qui
759 1051 895 1114 raeratra'a
924 1058 1078 1134 stinguere
1102 1058 1206 1135 possit.

53 1177 85 1218 u.
103 1159 203 1221 1259:
219 1179 379 1238 orasseque
394 1161 577 1219 conveniant
592 1153 720 1238 ta'qaidie
736 1165 767 1218 et
781 1158 899 1236 liquida
913 1154 1034 1216 crassis.
1057 1176 1089 1217 v.
1107 1156 1205 1217 1261:

57 1283 181 1341 namque
195 1264 263 1322 aliis
278 1263 368 1321 rebus
383 1267 580 1322 concrescunt
595 1261 708 1319 semina
728 1255 864 1318 membris
880 1262 961 1318 cett.
979 1255 1022 1334 V,
1040 1259 1095 1320 15:
1120 1263 1208 1320 Ceres

61 1365 148 1425 fertur
162 1367 264 1443 fruges
285 1396 316 1406 -
336 1359 516 1423 mortalitas
530 1365 708 1424 instituisse.
740 1358 782 1437 V,
801 1360 877 1421 174:
898 1364 1008 1441 quidve
1024 1364 1096 1423 mali
1110 1365 1209 1422 fuerat

65 1463 137 1526 sota
159 1482 222 1528 non
246 1487 309 1527 esse
334 1461 468 1525 creatis?
495 1485 527 1524 v.
554 1464 615 1525 300
641 1483 708 1544 sq.:
734 1486 829 1543 usque
853 1466 928 1524 adeo
952 1472 1148 1545 properanter
1171 1467 1208 1526 ab

69 1572 191 1630 omnibus
206 1570 329 1647 ignibus
339 1564 368 1627 ea'
378 1570 504 1628 exitium
514 1569 603 1628 celeri
614 1570 729 1627 celatur
738 1569 854 1644 origine
863 1570 1009 1642 flammae,
1026 1587 1057 1627 v.
1069 1564 1206 1626 Laehm.

72 1687 95 1729 v.
113 1669 185 1732 373:
208 1673 284 1730 haut
305 1672 401 1749 igitur
421 1671 476 1730 leti
497 1673 652 1748 praeclusa
672 1675 717 1730 est
738 1673 828 1729 ianua
849 1666 943 1728 caeto.
979 1690 1010 1729 v.
1033 1669 1131 1730 1052:
1153 1691 1208 1730 nee

73 1775 168 1834 atione
183 1775 290 1834 dooere
306 1774 370 1833 ulle
383 1769 572 1851 suadereque
593 1769 705 1832 sardia.
738 1791 769 1832 v.
789 1772 888 1832 1082:
913 1778 944 1832 et
965 1794 1057 1851 quom
1072 1774 1110 1832 de
1125 1774 1208 1832 victu

75 1880 169 1937 erana
176 1871 377 1954 praedaeque
391 1881 565 1954 repugnant
581 1871 685 1953 (velut
701 1871 802 1953 angui
817 1872 938 1954 capto).
965 1870 1018 1934 Sio
1030 1869 1205 1933 Aventius.

75 1993 97 2034 r.
113 1975 206 2038 126⁷:
235 1979 386 2057 silvasque
407 1984 443 2036 ut
464 1979 587 2037 caedere
608 1984 731 2056 possent
751 1980 969 2056 materiemque
989 1973 1086 2046 domo,
1109 1979 1208 2036 levare

75 2081 204 2141 rendere
224 2081 320 2158 tigna.
352 2073 406 2138 sie
428 2075 660 2140 Lachmannus
676 2075 776 2139 dandi
796 2098 872 2139 easu
893 2099 968 2159 pro:
992 2081 1208 2158 materiemque

76 2180 170 2243 latret
184 2185 284 2244 levare
300 2202 334 2242 ae
349 2183 453 2243 radere
468 2183 564 2260 tigna.
585 2201 617 2242 v.
630 2180 728 2243 1312:
747 2184 799 2261 qui
814 2178 999 2241 moderarier
1012 2178 1060 2239 tais
1075 2188 1207 2261 possent.

76 2275 120 2358 VI,
130 2284 204 2346 663:
221 2291 255 2347 at
270 2287 343 2344 ratis
357 2287 432 2345 haee
446 2286 538 2345 tellus
555 2280 619 2343 orti
633 2287 809 2364 caelumque
824 2287 896 2345 mali
912 2288 980 2345 fert.
1005 2279 1058 2343 Sie
1068 2280 1206 2343 Laehm.

75 2383 230 2463 proaordt'.
264 2405 294 2446 v.
315 2384 390 2447 729:
412 2390 448 2447 fit
469 2408 590 2466 quoque
611 2389 658 2447 uti
673 2389 802 2466 pluviae,
826 2390 935 2461 forsan,
951 2389 1047 2465 magis
1063 2389 1101 2446 ad
1117 2392 1209 2466 eaput

75 2480 388 2570 temporaneam.
419 2486 573 2549 Laohm.:
597 2484 703 2563 „Itali
724 2492 760 2549 et
774 2485 937 2549 Marullus
954 2487 1030 2549 ea'aa
1054 2484 1207 2548 eorrecti-

76 2584 128 2649 ouis
149 2608 282 2651 eausam
305 2609 372 2651 non
396 2587 574 2671 perspieio,
607 2593 642 2650 et
671 2588 892 2670 quaerendum
921 2586 1003 2671 puto
1034 2587 1105 2670 quis
1130 2593 1207 2650 ante

75 2682 197 2753 Hirtium
221 2678 398 2752 Horatium
423 2689 609 2773 Vergilium
632 2689 824 2753 Vitruvium
851 2689 973 2753 dixerit
996 2700 1088 2774 eaput
1111 2697 1207 2755 amnis

72 2793 159 2872 lentim
182 2797 298 2870 Rheni,
323 2791 478 2874 genetivo
507 2792 633 2855 addito.
664 2815 761 2875 supra
784 2814 882 2856 versu
905 2794 968 2855 636
996 2803 1028 2857 et
1055 2797 1094 2856 ed
1116 2803 1209 2876 eaput

75 2895 190 2959 satra
205 2884 309 2960 ¹omnis
329 2900 492 2959 Oonfluit.“
525 2917 555 2957 v.
575 2897 652 2959 755:
679 2901 731 2959 sed
754 2905 864 2959 natura
886 2901 946 2958 loci
969 2901 1000 2958 vi
1023 2894 1090 2957 ibae
1114 2900 1208 2958 officit

74 2996 121 3075 ipos
135 3007 254 3082 suapte.
286 2995 341 3060 Sio
360 2996 499 3060 Iraohm.
525 3019 583 3081 pro
604 3025 627 3062 s.
649 3025 679 3062 n.
702 3004 722 3062 l.
747 3004 841 3062 efficit
864 3005 929 3081 ipsa
949 3007 1064 3080 suapte.
1095 3020 1127 3060 v.
1145 3000 1208 3061 974

74 3099 189 3184 lienique
214 3105 412 3164 amarioinum
436 3105 550 3181 fugitat
573 3126 622 3164 sus
648 3110 679 3165 et
702 3107 793 3164 timet
817 3126 905 3165 omne
929 3109 1113 3181 ungentum:
1138 3127 1208 3164 nem

74 3201 208 3283 rudperte
227 3201 319 3265 eabae
338 3225 406 3266 aare
426 3211 615 3267 venenumst.
647 3226 678 3266 v,
703 3206 803 3267 1092:
827 3209 944 3267 cladem
971 3238 1001 3249 -
1024 3209 1150 3266 conflare
1171 3240 1203 3250 -

75 3302 209 3369 boninum
220 3303 328 3386 peaera'
342 3301 553 3387 pecudumque
569 3304 711 3368 eateroa's.
741 3327 773 3367 v.
791 3307 873 3369 1181
891 3329 939 3388 sq.
958 3311 1042 3369 venit
1058 3305 1151 3367 badae
1172 3344 1202 3352 -

75 3413 304 3491 supparilitas
321 3416 353 3471 et
367 3413 427 3471 iam
438 3407 540 3488 pigris
555 3407 730 3470 bataata‘bae
745 3433 859 3491 aegror.
876 3430 908 3471 v.
920 3409 1019 3471 1135:
1037 3433 1076 3472 an
1092 3413 1208 3471 eaelum

75 3505 139 3571 alia
155 3549 186 3559 —
206 3514 332 3575 deferat.
363 3532 394 3572 v.
414 3510 512 3573 1170:
537 3516 582 3574 nil
597 3514 672 3574 adeo
687 3536 788 3593 posses
811 3511 951 3595 eaiqaara
972 3518 1037 3575 leve
1057 3521 1208 3594 tenveque
1246 3558 1247 3567 e

75 3611 185 3676 ”rubas
205 3623 323 3677 vertere
344 3618 377 3677 in
397 3618 574 3677 utilitatem.
611 3612 668 3675 Ia:
695 3612 867 3691 „Frustra
892 3612 956 3676 nisi
980 3612 1090 3692 fallor,
1110 3614 1208 3677 Lam·

76 3703 149 3777 binus
163 3714 355 3799 quicquamst
387 3737 418 3778 v.
437 3717 537 3780 1232:
555 3715 645 3778 morta'
660 3721 821 3780 damnatus
836 3726 872 3779 ut
888 3724 975 3780 esset.

139 3815 248 3880 Verba
276 3814 377 3879 dandi
406 3822 454 3879 et·
470 3814 650 3880 adimendi:
681 3817 710 3895 I,
738 3822 792 3881 28:
820 3820 861 3881 da
884 3818 976 3881 dr'o'ta's
1004 3855 1035 3866 -
1065 3825 1207 3902 leporem.

66 3930 99 3972 -t
112 3917 177 3982 100:
199 3924 299 3985 exitus
318 3927 355 3982 ut
374 3917 469 3982 etasea'
489 3924 561 3983 felix
580 3922 913 4003 faustusquedaretar.
945 3943 977 3982 v.
996 3923 1058 3984 936
1075 3943 1141 4003 sq:
1160 3929 1208 3986 vel

76 4020 110 4095 lii
120 4022 220 4099 pam
241 4025 395 4085 absinthia
419 4059 449 4068 -
471 4046 539 4085 eum
562 4023 635 4085 dare
656 4032 813 4087 conantur.
844 4044 876 4086 v.
894 4025 972 4086 992:
994 4029 1112 4106 requies
1133 4026 1207 4087 data

77 4122 266 4207 Pdrdpiorum
282 4122 455 4204 eorporibas
471 4130 595 4189 nullast.
629 4124 676 4203 II,
695 4127 773 4190 187:
795 4151 834 4188 ne
854 4125 911 4188 tibi
931 4127 1003 4188 deat
1023 4133 1055 4189 in
1075 4151 1110 4190 eo
1125 4133 1208 4190 flam-

76 4239 167 4290 mtmm
190 4251 315 4310 eorpora
338 4232 484 4291 fraudem.
525 4226 587 4304 IV,
614 4230 691 4291 995:
707 4227 811 4312 sapae
835 4234 920 4311 quasi
944 4228 1048 4291 dedita
1073 4240 1206 4303 cernant.

77 4315 109 4397 V,
121 4326 189 4393 9⁷0:
203 4334 357 4395 silvestria
372 4334 506 4395 membra
526 4335 609 4395 nuda
623 4330 739 4394 dabaat
754 4335 865 4394 terrae.
897 4353 930 4396 v.
948 4333 1046 4396 1000:
1069 4357 1129 4396 una
1144 4338 1208 4400 dies
