2874 4934
160 855 470 948 Quemadmodum
524 859 697 958 syntaxin
750 859 949 957 priscorum
997 860 1212 956 scriptorum

58 993 279 1085 Latinorum,
292 996 343 1068 ita
352 997 460 1070 etiam
471 995 735 1085 Lucretianam,
754 1006 853 1068 ratus
864 1007 1010 1094 propter
1021 997 1212 1070 mirificum

53 1132 200 1205 dicendi
209 1134 361 1232 geneda,
381 1160 453 1230 quo
471 1133 529 1205 hic
548 1134 700 1229 scriptor
718 1158 805 1205 usus
821 1143 885 1221 est,
904 1133 1058 1207 nitorem
1073 1159 1155 1207 eum
1174 1135 1212 1205 in

51 1270 182 1367 primis
201 1269 351 1368 dignum
369 1296 456 1359 esse,
486 1281 536 1358 ut,
565 1295 673 1365 quam
691 1270 867 1343 rationem
895 1279 1039 1343 secutus
1062 1281 1156 1344 esset
1173 1271 1211 1342 in

54 1406 178 1480 verbis
198 1416 233 1477 et
242 1405 557 1478 enunciationibus
567 1405 843 1495 conformandis,
862 1416 1114 1503 exponeretur,
1134 1405 1213 1476 illu-

53 1542 242 1616 strandam
269 1535 346 1617 cose
372 1545 511 1643 putavi.
568 1545 648 1636 Qua
672 1544 710 1614 in
734 1569 772 1616 re
796 1543 847 1616 ita
869 1553 1034 1618 versatus
1057 1569 1148 1632 sum,
1172 1553 1213 1614 ut

53 1682 271 1778 comparatis
300 1683 394 1755 inter
418 1710 456 1756 se
479 1683 697 1756 editionibus
721 1660 942 1754 Lachmanui
965 1691 1002 1754 et
1022 1681 1212 1779 Bernaysii

57 1845 134 1892 eam
173 1820 368 1893 verborum
405 1822 588 1919 scriptoris
625 1821 959 1908 conformationem,
996 1845 1088 1914 quae
1123 1818 1212 1891 mihi

57 1958 177 2031 verior
201 1983 279 2030 esse
301 1959 497 2048 videretur,
523 1969 678 2048 secutuS,
704 1958 974 2032 observationes
998 1956 1105 2029 etiam
1130 1982 1212 2056 syn-

59 2096 218 2183 anticae,
247 2120 338 2191 quae
366 2096 403 2167 in
419 2096 650 2199 'Lachmanni
680 2095 945 2168 commentariis
968 2095 1210 2182 continentur,

15 2266 17 2275 =
69 2242 224 2305 accurate
242 2233 446 2332 colligerem
465 2245 501 2307 et
519 2235 557 2306 in
567 2260 673 2308 usum
683 2260 802 2306 meum
815 2243 1072 2307 converterem.
1108 2231 1213 2305 Prae·
1290 2276 1292 2281 >

63 2378 150 2442 terea
169 2380 291 2442 autem
303 2369 420 2444 dicere
430 2397 504 2444 non
513 2397 670 2468 possum,
690 2380 911 2468 quantopere
922 2370 959 2441 in
970 2369 1213 2467 disputatione

61 2532 131 2580 mea
160 2507 399 2597 contexenda,
427 2518 468 2581 ut
490 2508 579 2581 alios
601 2508 700 2582 viros
727 2508 866 2597 doctos,
895 2507 956 2604 qui
985 2507 1022 2578 in
1045 2507 1213 2579 Lucretio

57 2644 351 2734 elaboraverunt,
379 2646 677 2742 praetermittam,
706 2645 750 2717 iis
769 2670 861 2741 quae
879 2644 1086 2743 BriegeruS,
1110 2642 1213 2718 Suse-

56 2781 215 2871 mthiUS,
235 2780 372 2854 Pollius
395 2781 441 2854 ad
459 2793 554 2855 recte
573 2782 825 2855 constituenda
843 2782 955 2858 verba
973 2782 1157 2878 scriptoris
1174 2782 1213 2854 in

55 2918 247 3017 Philologo
275 2919 492 3007 attulerunt,
520 2918 665 2993 adiutus
695 2919 774 2992 sim.
828 2918 1024 3017 Praecipue
1052 2919 1213 2992 sedulam

43 3082 203 3155 ,operam
222 3056 356 3129 navavi
374 3056 713 3154 praepositionibus,
732 3042 924 3128 transitivo
935 3056 1213 3130 etiutransitivo

58 3195 137 3267 usui
173 3193 370 3270 verborum
402 3193 498 3291 apud
526 3193 731 3266 Lucretium
763 3203 871 3289 atque
898 3194 1213 3267 coniunctionibus

58 3329 285 3430 copulativis.
321 3330 451 3403 Errata
468 3330 686 3430 typographi
705 3331 830 3406 notavi
848 3332 992 3404 haecce:
1011 3357 1045 3429 p.
1062 3335 1109 3404 49
1129 3331 1152 3402 l.
1165 3333 1211 3402 21

56 3467 288 3542 scribendum
307 3477 361 3540 est
379 3465 560 3564 suppleuit,
578 3492 613 3563 p.
635 3470 681 3539 57
701 3468 724 3538 l.
742 3473 762 3540 8
782 3468 970 3565 mapistris.
1007 3465 1214 3542 Scribebam

54 3603 263 3704 Numburgi
280 3603 396 3701 pridie
414 3601 536 3676 Nonas
556 3598 753 3700 Septembr.
774 3628 805 3676 a.
824 3602 1147 3678 MDCCOLXVIH.
