2874 4934
248 353 309 415 104
665 368 811 414 enouon.
836 369 909 414 our.
935 370 966 413 u.

245 560 279 600 ca
305 544 348 601 vis
373 544 468 602 omnis
492 544 662 601 morborum
687 543 895 622 pestilitasque
918 548 972 602 aut
996 545 1179 603 extrinsecus
1208 579 1238 587 —
1270 547 1390 606 veniunt

245 645 325 703 cett.
361 638 457 722 Apud
473 639 619 703 Nonium
638 643 732 723 Atque
747 639 793 701 oia
809 640 949 703 cunisam.
980 640 1022 719 V,
1041 643 1195 705 secunus
1216 681 1248 688 -
1270 649 1390 727 quisque

250 780 280 790 -
297 767 398 806 eorum
413 743 488 809 κατὰ
503 744 609 810 σύνεσιν
623 742 765 805 relatam
780 748 832 804 est
847 741 888 805 ad
901 738 1131 827 praegressum
1139 751 1283 810 mortalia
1290 751 1389 810 saecla¹

244 844 437 928 Exemplum
457 867 529 907 cum
547 866 637 928 prou.
655 844 750 907 relat.
770 843 936 908 coniuncti
956 845 1156 929 pronominis
1173 853 1226 910 est
1248 847 1310 928 VI,
1322 851 1388 912 320:

244 972 298 1011 nec
314 955 425 1011 temere
441 954 563 1011 omnino
579 953 667 1030 plane
683 953 726 1010 vis
742 952 852 1029 frigida
867 954 949 1011 venti
966 973 1029 1013 esse
1044 958 1154 1032 potest,
1171 970 1206 1012 ea
1223 960 1390 1034 qaaetanta

244 1055 273 1113 vi
297 1055 386 1114 missa
409 1060 574 1134 supernest.
606 1048 659 1112 Sic
676 1048 811 1111 Lachm.
838 1070 896 1132 pro
922 1070 957 1110 es
980 1073 1068 1134 qaae.
1100 1051 1239 1114 Duobus
1262 1052 1344 1116 loeis
1360 1053 1391 1116 ic

243 1174 357 1236 qaoque
378 1175 396 1214 a
415 1151 571 1214 Lucretio
592 1151 639 1214 ita
654 1150 796 1236 positum
815 1157 876 1229 est,
900 1158 938 1214 ut
959 1151 998 1215 ad
1020 1151 1191 1237 sequentia
1210 1162 1344 1240 spectet
1361 1162 1390 1220 et

243 1275 301 1338 per
324 1253 456 1338 ellipsin
481 1253 604 1318 dictum
629 1253 674 1317 sit
697 1275 770 1336 pro:
802 1253 835 1323 ‘ul
863 1277 991 1338 quoquc
1020 1256 1149 1322 videtur
1173 1268 1290 1323 verum
1314 1280 1388 1345 esse.

243 1356 474 1421 Lachmannus
498 1378 555 1439 per
579 1341 651 1442 qaia
676 1357 767 1420 etitem
792 1357 946 1441 explieat.
986 1358 1015 1436 Ι,
1041 1361 1117 1424 655ι
1146 1361 1183 1422 id
1209 1382 1341 1446 quoquc,
1366 1368 1389 1427 si

243 1465 355 1525 faciant
384 1497 429 1536 -,
455 1464 571 1524 denseri
596 1468 740 1541 poterunt
764 1465 848 1540 ignes
873 1466 953 1523 cett.
980 1467 1014 1524 et
1039 1461 1099 1539 VI,
1124 1465 1196 1527 145.
1237 1463 1339 1529 Quod
1355 1462 1389 1529 ad

243 1583 347 1646 genus
371 1561 467 1627 buius
492 1561 691 1646 pronominis
715 1561 847 1639 attinet,
874 1569 1024 1626 neutrum
1049 1563 1185 1647 pluralis
1209 1565 1342 1632 numeri
1359 1584 1388 1631 ro

243 1664 474 1750 complectitur
495 1664 575 1728 duas
596 1685 647 1726 res
664 1663 782 1729 diversi
799 1663 928 1745 generis
943 1663 1006 1742 IV,
1023 1666 1100 1729 396:
1124 1672 1229 1750 solque
1246 1676 1315 1752 pari
1328 1674 1386 1737 fi.

242 1793 298 1833 one
318 1793 438 1833 manere
459 1777 491 1833 et
511 1773 582 1834 luna
602 1772 743 1832 videntur
764 1772 795 1829 iu
816 1772 956 1845 statione,
977 1789 1012 1829 ea
1034 1789 1111 1851 qaae
1132 1775 1202 1832 ferri
1217 1796 1267 1836 res
1284 1778 1389 1841 indicet

241 1877 315 1956 ipse.
346 1870 555 1956 Quapropter
575 1891 641 1933 non
661 1874 750 1961 recte
770 1868 975 1934 scribebatur
990 1869 1056 1948 III,
1074 1873 1135 1935 333
1151 1871 1235 1934 ister
1251 1895 1302 1938 eos
1317 1879 1392 1960 (corb

240 1997 302 2059 pus
319 1980 354 2037 et
369 1973 523 2057 animum)
539 1979 693 2054 recteque
710 1972 950 2037 abaehmanno
967 1981 1150 2038 correctum
1165 1982 1219 2040 est
1233 1977 1321 2042 iuter
1334 2001 1391 2053 coe,

213 2101 217 2109 ·
243 2076 319 2163 quia
334 2076 418 2141 dixit
433 2082 531 2161 poeta
546 2081 677 2160 eorporis
692 2085 783 2158 atque
799 2081 890 2140 animi
905 2086 1049 2164 potestas.

329 2181 514 2245 Pronomen
536 2179 564 2240 ie
588 2199 819 2261 nonnunquam
845 2197 902 2261 per
927 2178 1056 2262 ellipsin
1083 2179 1262 2245 omittitur.
1293 2183 1350 2247 Sic
1365 2183 1391 2263 Ι,

244 2284 305 2349 333
327 2287 504 2348 moderatim
525 2306 655 2346 erescere
675 2307 799 2363 cogens,
820 2302 865 2343 sc.
890 2302 955 2344 eas.
978 2303 1009 2344 v.
1033 2284 1091 2346 751
1116 2306 1182 2365 sq.:
1204 2292 1345 2352 conicere
1361 2296 1409 2351 ut'

243 2393 337 2471 possis
357 2393 480 2464 essehoc,
501 2406 578 2471 quae
598 2410 717 2448 cernere
732 2410 792 2448 non
809 2391 875 2468 quis
891 2394 1056 2448 extremum
1073 2391 1153 2468 quod
1168 2393 1296 2468 habent,
1310 2396 1393 2455 mini·

243 2515 326 2556 mum
348 2495 509 2556 consistere
529 2512 675 2571 prorsum,
697 2508 778 2570 quae
799 2485 899 2553 verba
918 2486 1149 2552 Lachmannus
1169 2488 1218 2552 ita
1234 2491 1390 2577 explicat:

244 2591 400 2657 Conicere
416 2597 454 2655 ut
469 2589 575 2673 possis
592 2611 632 2653 ex
647 2590 720 2667 hoe,
739 2610 821 2672 quae
837 2610 968 2653 cernere
983 2612 1047 2653 non
1062 2590 1146 2674 quis,
1163 2615 1199 2655 ec
1213 2600 1392 2660 extremum

244 2695 330 2779 quod
352 2695 486 2773 habent,
509 2693 544 2755 id
564 2691 733 2756 minimum
754 2691 933 2756 consistere
949 2694 1175 2778 multomagis
1191 2703 1293 2780 atque
1308 2720 1392 2783 pror·

243 2821 326 2863 sum.
358 2797 424 2876 ΙΙΙ,
443 2800 501 2862 21:
523 2822 698 2879 semperque
714 2800 868 2862 innubilus
889 2803 993 2861 aether
1007 2804 1128 2879 integit.
1158 2799 1315 2864 Lachne
1331 2822 1392 2881 „ex

242 2901 352 2982 intepet
368 2924 408 2964 ex
423 2899 644 2984 superioribus
664 2897 768 2982 repeti
783 2898 885 2961 debet
900 2920 951 2961 eos
966 2899 1060 2963 sedes
1077 2900 1224 2976 deorum,
1246 2910 1285 2967 nt
1299 2903 1390 2988 paulo

243 3010 320 3090 post
335 3005 479 3088 lonycqce
494 3024 621 3066 remotae
637 3008 713 3066 ea.“
737 3001 779 3079 V,
792 3003 874 3065 leae
891 3001 932 3064 ad
948 3005 1066 3086 qrcoesil
1083 3012 1193 3068 mente
1209 3005 1390 3070 addendum

244 3113 296 3174 est
311 3129 360 3170 eoa
375 3106 549 3191 (Lachm.).
1177 3097 1179 3102 ’

327 3208 534 3274 Pronominis
545 3209 708 3289 possessivi
724 3208 874 3291 exempla
889 3215 966 3271 suut
982 3208 1120 3287 11,159:
1138 3211 1203 3274 sols
1218 3237 1234 3276 e
1250 3218 1390 3296 partibus,

243 3314 276 3377 h.
289 3333 317 3376 e.
330 3332 370 3375 ex
379 3311 419 3375 iis
429 3311 525 3374 vacui
534 3311 694 3394 partibus,
712 3333 791 3394 quas
809 3317 1021 3394 occuparunt.
1044 3312 1218 3397 (Lachmt
1240 3315 1305 3396 IV,
1315 3317 1388 3382 tlt:

243 3421 296 3500 qui
315 3421 413 3498 capite
434 3421 499 3498 ipse
518 3437 573 3478 aaa
596 3420 627 3479 in
647 3420 756 3478 statuit
774 3419 902 3496 vestigia
923 3439 995 3479 sese.
1030 3415 1083 3477 Sic
1099 3415 1237 3480 Lachm.
1255 3442 1315 3504 pro
1329 3440 1386 3483 m.

328 3518 497 3580 Pronomae
520 3517 704 3603 resleeivam.
742 3516 789 3593 ΙΙ,
811 3519 889 3580 460:
916 3524 1054 3600 Pungere
1078 3526 1124 3585 uti
1148 3528 1267 3604 possint
1292 3547 1391 3608 corpus

243 3631 460 3705 penetrareque
483 3641 558 3694 aeae,
585 3619 657 3683 scil.
683 3641 718 3683 se
742 3625 913 3704 penetrare
937 3620 982 3713 in
996 3643 1124 3706 eorpus.
1155 3623 1393 3710 111„sec:qn

243 3731 338 3808 possit
352 3730 438 3788 vivus
453 3729 511 3789 sibi
526 3749 557 3788 se
573 3730 676 3806 lugere
691 3733 881 3808 peremptum
901 3733 1043 3808 stansque
1064 3731 1212 3790 iacentem
1227 3749 1260 3790 ee
1275 3733 1394 3794 lacerari

243 3834 326 3891 urive
347 3833 448 3892 dolere
470 3830 511 3911 (ee
532 3826 712 3890 seeundum
731 3816 837 3890 Italos
860 3826 987 3890 addidit
1006 3828 1194 3913 Avantius).
1231 3830 1295 3910 IV,
1317 3836 1392 3897 802:

243 3940 274 3995 et
295 3937 366 4014 qnia
384 3937 487 3996 tenvia
506 3940 587 4010 sunt,
607 3936 665 3995 nisi
683 3951 716 3992 se
737 3935 904 4009 contendit,
924 3941 1011 3996 acute
1032 3957 1151 3996 eernere
1172 3957 1232 3997 non
1254 3941 1394 4018 petisset

242 4041 368 4099 animus.
399 4034 555 4098 Laehm.:
579 4033 659 4112 „Sic
680 4038 769 4096 recte
790 4032 970 4096 Lambinus
992 4057 1050 4119 pro
1074 4041 1206 4118 nisique
1228 4044 1393 4102 contendit.

242 4138 277 4201 in
292 4136 447 4222 proximis
464 4143 516 4200 est
531 4144 599 4221 Ipse
615 4147 701 4221 parat
720 4159 783 4200 sese
798 4162 885 4221 porro
902 4140 944 4220 (v.
963 4139 1046 4220 805),
1073 4136 1153 4200 item
1169 4147 1395 4205 contenderent

242 4255 333 4324 atque
357 4265 461 4325 parare
485 4243 528 4322 (v.
555 4242 669 4323 809).“
708 4240 749 4318 V,
777 4244 853 4306 185:
879 4245 1012 4324 quidque
1035 4247 1202 4304 intersere
1225 4253 1395 4326 permutato

243 4351 346 4410 ordine
372 4353 503 4427 possent.
535 4341 588 4406 Sio
614 4341 792 4406 Brixiensis
818 4342 919 4406 editio
945 4351 978 4405 et
998 4343 1160 4408 Marullus
1181 4366 1239 4428 pro
1259 4351 1341 4410 inter
1354 4366 1393 4408 ec.
