2874 4934
227 363 267 423 62
639 373 794 421 essaeos.
827 377 900 422 oss.
917 374 964 423 us.

223 556 331 624 etoto,
348 571 363 609 e
379 551 484 623 tantis,
501 570 516 608 e
532 551 630 609 thuris
646 551 773 626 glebis.“
794 544 933 622 II‚'305:
955 551 1085 627 effugere
1101 570 1136 608 ex
1152 551 1245 609 omni.
1262 568 1297 608 v.
1312 545 1387 608 715:

222 655 377 741 fugiunte
393 673 525 731 corpore.
548 670 580 711 v.
598 650 678 711 438:
697 657 788 730 atque
805 669 841 709 ee
856 648 972 732 offensu
987 673 1056 710 cum
1071 653 1197 712 turbant
1213 671 1342 731 corpore
1356 653 1388 710 in

222 757 288 834 ipso
307 756 422 814 semina
441 750 486 834 (in
506 749 610 832 Folge
632 750 715 833 des).
747 749 815 827 ΙΙΙ,
832 751 911 812 157:
936 755 1093 814 concidere
1109 771 1145 812 ce
1160 755 1256 813 animi
1271 755 1388 812 terrore

222 858 358 916 videmus
374 877 462 935 saepe
478 859 624 917 homines.
655 876 687 916 v.
704 856 785 916 441:
803 877 910 934 corpus
930 861 1210 934 -conquassatum
1226 872 1263 914 ea·
1278 851 1388 935 abique

222 975 266 1017 re.
288 955 330 1032 V,
349 958 447 1018 1146:
465 976 501 1016 ee
515 954 690 1017 inimicitiis
704 960 879 1036 languebat.
910 957 1054 1017 v.1148:
1071 958 1168 1017 acrius
1184 974 1222 1016 ea
1238 953 1289 1016 ira
1306 959 1389 1036 quod

227 1082 311 1121 -se
333 1063 459 1141 quisque
481 1062 616 1139 parabat.
647 1056 709 1134 Vl,
729 1059 784 1121 72:
811 1066 846 1119 ut
871 1076 906 1117 ee
930 1055 980 1117 ira
1004 1080 1114 1139 poenas
1138 1065 1243 1139 petere
1266 1060 1390 1120 inbibat

224 1165 309 1223 acris.
341 1182 372 1221 v.
392 1161 470 1221 280:
489 1158 648 1241 (calescit)
665 1181 680 1221 e
695 1159 871 1239 contagibus
886 1164 975 1240 ignis.
1007 1158 1054 1235 II,
1073 1160 1150 1221 612:
1169 1163 1241 1240 quia
1254 1164 1389 1241 primum

224 1282 260 1323 ea
280 1261 348 1323 illis
355 1261 475 1346 finibus
491 1267 586 1324 edunt
606 1300 638 1308 -
658 1269 760 1344 fruges
775 1267 908 1345 coepisse
923 1266 1026 1324 creari.
1051 1283 1082 1323 v.
1095 1262 1173 1323 660:
1191 1281 1227 1322 ea
1241 1281 1306 1322 ano
1320 1270 1389 1324 tou·

225 1368 331 1427 dentes
352 1368 490 1444 gramina
509 1384 623 1444 campo.
655 1386 687 1426 v.
707 1366 784 1427 663:
807 1385 843 1425 ea
862 1384 983 1446 ciboque
1003 1367 1087 1426 sitim
1106 1367 1248 1426 sedantes
1254 1363 1390 1446 flumine

224 1470 324 1547 aquai.
340 1488 371 1527 v.
386 1466 462 1529 ill:
480 1490 533 1528 sua
542 1472 650 1548 cuique
661 1466 736 1528 cibis
746 1488 782 1529 ec
791 1465 926 1528 omuibus
935 1471 1019 1528 intus
1029 1471 1061 1528 in
1070 1473 1153 1528 artus
1167 1501 1199 1511 -
1214 1469 1388 1529 discedunt.

223 1589 256 1629 v.
270 1569 348 1632 873:
366 1577 506 1651 putorem
523 1593 591 1631 cum
606 1572 664 1631 sibi
678 1577 768 1633 nacta
783 1576 829 1631 est
845 1566 1063 1649 intempestivis
1079 1588 1115 1628 se·
1129 1565 1275 1629 imbribus
1285 1571 1391 1631 umida

225 1674 327 1733 tellus.
344 1692 376 1732 v.
389 1671 450 1732 968
460 1693 466 1730 :
478 1676 653 1752 nullamque
662 1677 853 1753 voluptatem
862 1695 967 1753 capere
977 1690 1063 1731 ease.
1081 1669 1143 1746 VI,
1154 1671 1233 1732 628:
1251 1694 1389 1734 umorem

229 1795 340 1853 magno
362 1782 541 1855 conceptum
563 1793 599 1834 ec
619 1793 747 1856 aequore
768 1779 865 1855 ponti.
896 1772 943 1850 ΙΙ,
962 1774 1024 1835 194
1040 1793 1056 1834 e
1070 1777 1172 1834 oestro
1194 1796 1262 1836 com
1279 1772 1390 1835 missas

225 1894 350 1955 corpore
370 1881 493 1957 sanguis
515 1879 633 1938 emicat.
663 1877 815 1938 v.1000:
837 1874 1045 1936 missamsbee
1066 1880 1196 1938 aetheris
1218 1872 1294 1937 oris.
1327 1873 1387 1951 VI,

230 1978 308 2040 257:
335 2003 350 2041 e
375 1982 458 2040 caelo
482 1982 654 2041 demissum.
691 1976 740 2054 ΙΙ,
764 1978 863 2040 1041:
890 1997 1019 2057 sepsere
1043 1997 1079 2038 aa
1103 1976 1203 2038 animo
1228 1981 1388 2040 rationem.

226 2078 289 2157 VI,
307 2083 364 2142 68:
387 2104 463 2162 quae
484 2085 543 2143 nisi
562 2079 681 2160 respuis
699 2100 735 2141 ss
757 2079 858 2141 anieno
880 2085 1030 2161 longeque
1046 2084 1186 2142 remittis.
1216 2077 1386 2155 II,11122

227 2187 301 2245 locis
326 2207 361 2245 ex
386 2186 533 2246 omnibus.
564 2181 632 2259 III,
651 2183 686 2244 1:
709 2181 741 2243 E
758 2180 889 2242 tenebris
911 2180 1008 2243 bootis
1028 2190 1091 2244 tam
1113 2186 1228 2244 clarum
1243 2184 1389 2244 extollere

226 2290 330 2347 lumen
346 2290 397 2365 qui
408 2290 522 2366 primus
532 2289 662 2367 potuisti
678 2282 736 2366 (sie
747 2283 884 2346 Lachm.
895 2304 953 2367 pro
969 2282 1015 2366 O).
1032 2306 1064 2346 v.
1076 2284 1137 2346 877
1148 2306 1154 2344 :
1172 2307 1228 2346 uec
1236 2287 1387 2346 radicitus

231 2385 327 2448 evita
344 2411 375 2449 se
390 2392 475 2449 tollit
490 2396 521 2449 et
537 2391 618 2449 eicit.
644 2384 706 2462 VI,
723 2388 784 2448 506
801 2407 837 2448 ec
853 2385 988 2447 omuibus
1002 2384 1141 2447 ambibas
1155 2410 1244 2448 umor
1256 2390 1386 2449 tollitur.

228 2487 373 2566 III,10:
400 2487 522 2570 tuisque
547 2509 595 2561 ee,
621 2493 746 2566 inclute,
771 2488 897 2566 abactis,
923 2525 955 2534 -
982 2492 1082 2551 omnia
1103 2511 1157 2550 nos
1177 2492 1286 2551 itidem
1303 2492 1388 2571 depe

229 2596 340 2654 scimur
362 2614 451 2653 aurea
472 2596 564 2654 dicta.
594 2612 626 2652 v.
644 2593 700 2653 ee:
721 2596 820 2672 fugati
835 2596 993 2670 conspectu
1009 2611 1045 2652 es
1059 2595 1227 2653 hominum.
1260 2611 1292 2653 v.
1312 2592 1386 2654 137:

227 2717 318 2756 unam
338 2701 477 2756 naturam
498 2699 642 2756 conficere
664 2714 700 2754 es
719 2713 761 2754 ss.
793 2714 825 2755 v.
844 2694 922 2755 163:
941 2696 1089 2775 corripere
1104 2713 1140 2754 ss
1155 2713 1256 2754 somno
1273 2694 1394 2776 corpus.

228 2817 260 2857 v.
274 2796 353 2858 218:
371 2820 387 2858 e
402 2804 469 2858 toto
484 2831 517 2841 -
532 2820 655 2878 corpore
671 2801 769 2858 cessit.
792 2794 854 2871 iv,
867 2797 944 2857 862:
963 2794 1138 2877 (recedere)
1155 2819 1190 2857 ex
1205 2801 1385 2860 animalibu’.

228 2896 296 2974 III,
308 2899 387 2960 439:
405 2921 474 2960 cum
483 2904 577 2962 semel
588 2919 624 2960 ee
633 2903 763 2961 hominis
773 2888 909 2960 membris
918 2902 1020 2960 ablata
1030 2897 1162 2959 recessit.
1180 2919 1212 2959 v.
1226 2899 1307 2962 289:
1324 2923 1386 2961 cun

232 3005 372 3063 fervescit
396 3009 428 3064 et
452 3021 488 3062 ee
512 3000 608 3062 ociib‘s
631 3007 725 3064 micat
748 2999 869 3062 ceribus
893 3004 989 3062 ardor.
1021 2998 1081 3082 (sic
1100 3003 1190 3061 recte
1205 2998 1387 3063 Lambinus

226 3124 285 3184 pro
297 3102 423 3185 aerias).
450 3124 482 3165 v.
495 3104 574 3166 32⁷:
593 3102 819 3183 ethurisqiebis
829 3107 957 3165 evellere
967 3106 1098 3164 odorem.
1123 3123 1155 3163 v.
1168 3104 1249 3164 545:
1267 3127 1307 3166 an
1323 3128 1388 3167 con·

228 3215 326 3269 tracta
349 3205 414 3267 seis
445 3225 461 3287 s
487 3204 630 3284 partibus
654 3210 857 3268 obbruteseat.
896 3227 929 3267 v.
956 3206 1034 3267 908:
1059 3228 1207 3267 merorem
1232 3224 1249 3265 e
1265 3211 1392 3285 pectore

229 3312 339 3370 demet.
371 3329 403 3369 v.
421 3310 501 3370 925:
525 3327 561 3368 se
580 3328 680 3369 somno
696 3333 727 3371 se
743 3313 871 3390 colligit.
902 3330 935 3369 v.
953 3308 1052 3370 1060:
1078 3312 1191 3370 exit-
1211 3313 1334 3389 mugnis
1358 3331 1393 3372 ex

229 3414 363 3472 aedibus.
389 3408 431 3485 V,
444 3411 523 3472 341:
541 3417 594 3471 aut
610 3431 646 3471 ee
660 3409 805 3472 imbribus
821 3410 961 3472 adsiduis
977 3409 1073 3472 scrisse
1087 3433 1208 3493 rapaces
1229 3446 1262 3456 -
1276 3434 1394 3475 amnes.

192 3569 196 3575 .
227 3534 259 3574 v.
278 3512 356 3574 833:
379 3536 468 3593 porro
488 3517 566 3574 aliut
587 3517 725 3575 clarescit
746 3521 778 3575 et
798 3533 813 3574 e
832 3513 1050 3595 contemptibus
1071 3512 1145 3574 seii.
1176 3511 1208 3575 E
1222 3511 1395 3576 Marullus

229 3614 418 3677 addendum
433 3613 529 3677 vidit.
561 3636 593 3677 v.
612 3615 713 3678 1278:
731 3639 746 3678 e
763 3620 989 3698 contemptibus
1005 3621 1076 3679 exit.
1106 3614 1168 3691 IV,
1186 3615 1287 3676 1022:
1307 3623 1342 3679 et
1358 3633 1399 3678 ea

226 3738 327 3779 somno
348 3722 434 3800 quasi
453 3722 601 3780 mentibu'
624 3722 706 3799 capti
725 3722 775 3780 vix
796 3723 835 3780 ad
859 3743 890 3781 se
911 3722 1048 3781 redeunt.
1079 3715 1141 3794 IV,
1158 3718 1198 3779 91
1215 3737 1286 3799 sq.:
1306 3723 1398 3794 odor,

227 3824 337 3898 fumus,
359 3845 452 3903 vapor
473 3828 565 3903 atque
587 3825 663 3884 aliae
682 3845 729 3884 res
750 3825 931 3899 consimiles,
952 3825 1021 3884 ideo
1037 3825 1145 3883 diffusa
1160 3839 1176 3882 e
1189 3818 1280 3882 rebus
1294 3825 1399 3884 abun-

228 3926 312 4000 dant,
337 3943 373 3984 ee
388 3924 452 3985 aito
473 3929 544 4007 quia
566 3928 638 3986 dum
658 3929 796 4002 veniunt,
822 3928 1000 3987 extrinsecu’
1024 3931 1105 3986 torte
1129 3926 1315 3985 scinduntur
1338 3944 1400 4006 per

227 4030 287 4088 iter
306 4031 424 4088 flexum.
455 4025 688 4088 Lachmannus
714 4025 828 4110 ἅψεα
853 4047 869 4088 e
892 4047 950 4109 pro
976 4025 1008 4086 di
1033 4045 1119 4097 asae,
1141 4022 1327 4087 Lambinus
1350 4023 1398 4087 ad

219 4127 361 4212 diffusae
382 4126 512 4190 addidit
532 4149 558 4191 e.
585 4149 621 4190 ee
641 4128 706 4190 alto
726 4133 761 4191 et
782 4127 969 4190 extrinsecas
988 4125 1052 4189 sibi
1073 4125 1214 4190 invicem
1233 4126 1400 4210 opposita

226 4234 316 4292 sunt.
354 4229 417 4307 IV,
440 4231 518 4294 los:
540 4235 674 4293 reddunt
693 4236 883 4315 speculorum
907 4251 944 4291 ce
964 4250 1093 4313 aequore
1111 4234 1219 4292 risum.
1249 4250 1282 4292 v.
1306 4232 1392 4294 157:

227 4337 318 4395 fluere
338 4371 369 4380 —
391 4358 407 4396 e
429 4358 552 4415 corpore
572 4358 698 4398 summo.
729 4332 773 4411 V,
791 4335 869 4396 601:
894 4355 930 4395 ec
945 4354 1006 4395 ano
1021 4331 1122 4413 capite
1136 4337 1186 4395 hio
1202 4341 1237 4396 ut
1245 4333 1396 4418 profluat
