2874 4934
243 373 303 432 196
482 390 524 432 oa
546 389 667 434 annuc.
692 390 730 432 nr
752 390 952 434 rna'ncums.
987 391 1058 434 oar.
1078 391 1146 435 xlv.

241 557 295 621 Sic
313 563 477 620 corrector
493 557 628 640 oblongi
644 580 701 642 pro
719 565 795 622 nihil
811 585 873 623 esse
888 565 921 622 in
930 570 1105 643 promptum
1115 567 1140 624 si
1150 586 1258 645 corpus
1268 569 1381 626 mixtum

242 665 333 722 inani.

327 783 355 824 e.
380 761 425 824 Ni
440 761 469 838 I,
481 763 559 825 379:
578 763 611 824 61
627 768 759 845 spatium
775 767 916 831 dederint
931 767 1056 829 latices?
1082 763 1149 840 ΙΙΙ,
1163 766 1242 828 286:
1260 775 1297 829 ut
1311 772 1381 849 quid-

240 871 310 929 dam
332 870 396 928 fieri
421 870 560 928 videatur
583 870 621 928 ab
646 871 785 929 omnibus
808 891 911 958 unum,
936 865 970 927 61
991 872 1071 931 calor
1090 892 1124 929 ac
1139 879 1250 931 ventus
1265 894 1380 934 seorsum

241 993 433 1050 seorsumque
450 978 584 1051 potestas
600 974 676 1032 aeris
691 975 875 1032 interemant
894 994 1023 1033 sensum.
1054 968 1096 1047 V,
1115 971 1188 1033 207.
1207 973 1281 1034 293.

326 1070 349 1134 f.
374 1070 454 1132 Nice
469 1070 517 1148 ΙΙ,
538 1072 614 1134 734:
632 1071 702 1132 6166
718 1077 811 1136 alium
827 1079 972 1155 quemvis,
993 1098 1053 1155 quo
1072 1083 1145 1136 sunt
1165 1078 1275 1136 inbuta
1289 1081 1378 1152 colore,

241 1186 400 1257 propterea
415 1199 518 1255 gerere
534 1181 615 1238 huno
631 1180 742 1252 credas,
758 1181 841 1258 quod
857 1180 952 1252 6666,
969 1196 1000 1237 v.
1019 1175 1155 1238 Lachm.

325 1298 358 1359 g.
385 1277 492 1356 06661.
519 1283 549 1360 a>
567 1276 777 1360 coniungitur
793 1299 868 1340 cum
884 1277 983 1341 verbo
1000 1277 1107 1356 finito,
1125 1284 1159 1342 et
1175 1278 1307 1361 quidem
1325 1301 1376 1343 cun

240 1377 463 1457 coniunctivo,
485 1389 523 1443 ut
542 1379 687 1462 positum
709 1379 753 1442 sit
768 1403 825 1464 pro
842 1404 930 1465 quam
945 1381 985 1453 si,
1008 1388 1043 1444 ut
1058 1382 1096 1444 st.
1129 1382 1189 1459 IV,
1209 1386 1287 1446 995:
1311 1390 1377 1466 fugae

239 1482 328 1572 quasi
351 1488 456 1546 dedita
481 1494 613 1547 cernant.
644 1506 676 1546 v·
700 1486 783 1548 1016
804 1507 853 1567 sq.
885 1484 927 1561 V,
947 1486 1006 1548 729
1025 1485 1154 1564 proinde
1174 1486 1264 1568 quaet
1285 1492 1316 1550 id
1334 1491 1379 1550 fieri

240 1597 370 1667 nequeat
395 1592 476 1668 quod
501 1596 617 1669 pugnat
641 1596 777 1669 uterque.
810 1587 870 1664 Vl,
892 1590 965 1651 434.
993 1590 1055 1652 516
1076 1609 1125 1669 sq.
1154 1588 1244 1671 qaaaa'
1275 1627 1305 1636 -
1332 1613 1380 1654 cera

241 1696 398 1773 liquescat.
429 1712 459 1757 v.
478 1692 554 1754 971:
573 1696 677 1754 effluat
692 1696 857 1754 ambrosiae
873 1690 962 1774 quast
977 1716 1045 1754 vere
1061 1702 1093 1754 et
1108 1697 1232 1754 nectari’
1250 1698 1362 1757 linctus.

324 1795 351 1879 β)
385 1792 523 1855 Ponitur
547 1791 581 1854 in
606 1800 776 1856 contracta
802 1791 1032 1857 enunciatione
1057 1794 1198 1857 relatum
1228 1795 1271 1858 ad
1301 1817 1380 1860 unan

239 1895 420 1959 notionem.
452 1896 481 1973 Ι,
499 1898 560 1960 947
582 1926 613 1948 =
634 1895 694 1974 IV,
713 1899 765 1959 22.
793 1897 823 1974 Ι,’
840 1900 938 1961 1085;
957 1907 987 1961 66
1003 1897 1091 1980 quasi
1107 1906 1228 1962 terreno
1244 1925 1321 1982 quae
1336 1924 1381 1963 cor·

239 2027 311 2085 pore
331 2006 553 2064 contineantur.
585 1997 632 2075 ΙΙ,
652 2001 702 2063 69.
724 2001 961 2063 79.135.152;
985 2007 1078 2064 aerias
1100 1993 1189 2084 quast
1210 2008 1284 2066 dum
1304 2009 1383 2067 diver·

239 2110 325 2168 beret
340 2109 445 2167 undas.
476 2125 507 2164 v.
527 2105 605 2165 291:
624 2111 655 2165 et
671 2108 812 2166 devincta
828 2102 885 2185 (sic
901 2101 1077 2185 Briegerue
1088 2102 1211 2167 Philol.
1224 2105 1349 2184 XXIV,
1358 2107 1382 2177 6,

238 2232 271 2291 p.
288 2209 362 2288 439)
379 2206 467 2290 quasi
483 2216 610 2288 cogatur
624 2213 701 2269 ferre
717 2213 849 2289 patique.
875 2206 942 2284 ΙΙΙ,
961 2209 1034 2270 131.
1052 2210 1125 2269 595.
1152 2207 1214 2285 IV,
1233 2212 1306 2273 190.
1324 2212 1382 2273 989.

240 2314 321 2374 1022
333 2335 339 2370 :
357 2309 445 2394 qoaaa‘
459 2315 606 2373 mentibu'
617 2316 707 2392 capti.
733 2312 876 2373 v.1085:
894 2310 982 2393 quasi
992 2316 1151 2375 transactis
1162 2317 1297 2377 omnibu’
1307 2318 1383 2378 rebu'.
1427 2386 1429 2395 Ι

244 2414 285 2490 V,
305 2415 378 2476 287.
403 2415 476 2476 299.
498 2415 572 2476 860.
594 2415 668 2477 496.
695 2415 768 2475 665.
794 2415 865 2476 710.
885 2415 957 2476 778.
991 2412 1051 2492 VI,
1070 2417 1122 2476 22.
1141 2417 1215 2478 142.
1235 2419 1306 2479 282.
1324 2419 1383 2479 344.

244 2521 318 2582 445.
335 2520 410 2581 482.
428 2518 501 2593 493,
522 2517 595 2579 571.
653 2585 654 2588 ¹
1427 2510 1429 2525 '

329 2622 355 2707 y)
384 2619 470 2682 Hinc
495 2619 550 2696 fit,
578 2624 615 2680 ut
640 2619 816 2682 obscurata
840 2617 1081 2702 significatione
1107 2620 1343 2684 coniunctionis
1363 2620 1387 2681 6

243 2725 340 2807 plane
356 2745 413 2806 pro
431 2730 465 2784 ct
479 2721 626 2807 positum
641 2721 803 2786 videatur.
835 2722 974 2784 Duobus
990 2723 1072 2785 locis
1088 2725 1268 2807 respondet
1284 2724 1388 2789 611666

244 2825 448 2890 adverbium.
485 2826 552 2904 ΙΙΙ,
579 2829 656 2890 493;
683 2851 774 2907 agens
799 2832 929 2891 animam
953 2838 1083 2909 spumat,
1107 2827 1196 2910 quasi
1219 2835 1252 2891 in
1276 2851 1385 2912 aequore

243 2936 320 2993 salso
336 2939 497 2993 ventorum
518 2934 626 2993 validis
645 2927 817 2993 fervescunt
833 2935 945 2993 viribus
961 2935 1068 2994 undae.
1100 2930 1141 3009 V,
1159 2934 1237 2994 549:
1262 2944 1385 3016 certaque

244 3058 310 3117 pars
335 3039 408 3112 eius,
433 3033 522 3116 quasi
546 3038 633 3097 nobis
657 3039 800 3110 membra,
825 3038 975 3098 videntur.
1014 3033 1074 3111 VI,
1097 3035 1173 3098 877:
1203 3035 1294 3118 quasi
1317 3059 1391 3118 saepe

242 3143 345 3219 gelum
367 3175 396 3182 -
418 3142 526 3200 mittit.
558 3138 707 3199 ν.1082;
729 3142 829 3199 trudit
844 3147 875 3200 et
890 3142 1020 3219 inpellit,
1042 3137 1130 3219 quasi
1150 3163 1257 3202 navem
1279 3146 1393 3222 velaque

243 3251 361 3304 ventus.
401 3240 447 3317 ΙΙ,
474 3242 552 3304 453:
570 3264 713 3322 ¹namque
739 3246 893 3323 papaveris
918 3246 1043 3304 haustus
1068 3240 1169 3303 itemst
1194 3247 1293 3305 facilis
1317 3241 1396 3326 quasi

243 3369 396 3428 aquarum.
428 3343 489 3420 IV,
509 3345 676 3407 161-163
694 3342 758 3405 sibi
772 3342 974 3425 respondent
989 3344 1077 3427 quasi
1097 3382 1127 3390 -
1148 3343 1193 3405 sic
1214 3382 1245 3390 -
1266 3344 1347 3408 item.

328 3449 353 3528 6)
375 3445 505 3530 6666161
521 3445 646 3509 dictum
663 3446 792 3524 estIV,
811 3449 909 3509 1014:
934 3446 1022 3529 quasi
1042 3447 1069 3509 66
1084 3453 1264 3529 iugulentur
1279 3454 1399 3513 ibidem.

328 3552 361 3613 h.
387 3550 427 3612 In
452 3548 671 3612 disiunctione
695 3549 830 3633 ponitur
853 3549 928 3622 6166,
954 3570 1018 3612 eeu.
1055 3551 1086 3632 a)
1110 3550 1180 3613 0166
1201 3552 1256 3615 vel
1277 3573 1329 3614 sea
1352 3551 1400 3615 bis

242 3653 296 3716 vel
312 3652 441 3737 saepius
457 3652 485 3715 si
501 3652 645 3737 ponitur,
664 3658 905 3737 componuntur
915 3653 1061 3716 membra
1071 3654 1231 3736 aequalia,
1249 3655 1339 3738 quod
1353 3655 1401 3733 fit,

244 3756 299 3820 ubi
315 3756 497 3835 dubitatur,
519 3756 598 3839 quid
618 3755 705 3820 inter
725 3757 903 3840 complura,
926 3778 1008 3838 quae
1029 3757 1099 3820 fieri
1119 3765 1271 3840 possunt,
1290 3780 1404 3823 verum

242 3860 297 3923 sit.
329 3860 358 3937 I,
377 3863 622 3939 977-9796166
644 3898 674 3907 —
696 3867 767 3925 sive.
798 3859 865 3938 ΙΙΙ,
884 3863 962 3924 251;
981 3859 1044 3923 sice
1059 3866 1200 3944 voluptas
1216 3871 1263 3925 est
1278 3861 1344 3924 eive
1360 3873 1405 3928 est

126 3998 129 4004 ·
241 3972 408 4030 contrarius
424 3970 522 4028 ardor.
553 3987 584 4026 v.
603 3969 663 4028 521
681 3986 748 4045 sq.:
772 3989 843 4046 ergo
864 3970 982 4029 animus
1004 3964 1066 4026 6666
1081 3971 1239 4047 aegrescit,
1261 3974 1406 4032 mortalia

241 4075 328 4151 signa
342 4074 453 4146 mittit,
470 4073 516 4130 uti
533 4073 631 4146 docui,
652 4088 702 4130 666
719 4073 854 4132 flectitur
868 4092 886 4130 a
900 4072 1059 4131 medicina.
1091 4067 1153 4154 IV,
1171 4071 1254 4132 1053
1272 4092 1323 4152 sq.
1342 4072 1406 4133 sive

240 4198 315 4256 puer
330 4177 471 4236 membris
486 4176 684 4239 muliebribus
700 4179 781 4236 bunc
796 4177 947 4236 iaculetur
961 4192 1014 4233 eeu
1035 4176 1145 4235 mulier
1166 4182 1235 4236 toto
1255 4179 1374 4237 iactans
1388 4200 1406 4238 e

241 4301 363 4358 corpore
379 4300 520 4339 amorem.
546 4296 577 4336 v.
591 4276 692 4338 1232:
710 4274 773 4336 6166
789 4276 886 4337 virum
902 4280 1021 4339 suboles
1037 4274 1131 4338 sivest
1140 4280 1298 4339 muliebris
1309 4283 1404 4359 origo.

240 4379 282 4455 V,
301 4382 470 4442 519-523
493 4377 556 4439 6166
577 4379 657 4461 qaod
680 4415 711 4424 —
737 4376 800 4438 6666
815 4383 938 4441 aliunde
960 4383 1055 4442 fluens
1076 4416 1108 4425 -
1129 4386 1180 4443 abr
1192 4389 1296 4444 versat
1311 4405 1404 4462 agens
