2874 4934
137 323 177 391 16
535 344 705 391 suusuuur.
731 345 803 392 cnr.
826 335 877 391 111'.

137 538 261 598 corpore
276 523 380 580 saucio
399 523 511 581 circum
526 524 592 581 fusa
607 542 703 601 super.
728 540 759 579 v.
778 520 833 580 52:
858 522 937 580 dona
955 523 1013 580 tibi
1032 514 1133 578 3333133
1154 521 1291 599 disposta

127 618 233 704 fideii.
255 640 287 682 v.
306 621 345 681 68
362 642 429 703 sq.:
447 645 502 684 nec
517 620 676 683 minitanti
690 641 840 683 3333333333
855 627 1033 703 compressit
1048 625 1173 682 caelum.
1196 640 1231 681 v.
1252 619 1291 682 74

138 734 229 805 atquc
245 747 333 788 omne
349 730 528 788 immensum
544 729 714 807 peragravit
729 729 825 785 incute
840 723 1009 806 animoque.
1026 745 1058 784 v.
1070 724 1109 785 85
1126 704 1292 804 turparunt

137 825 296 906 sanquine.
322 848 353 888 v.
373 830 428 890 94:
447 833 528 909 quod
540 826 644 908 patrio
660 833 798 910 princeps
814 826 945 888 dcaurci
960 826 1078 888 nomiae
1093 849 1203 906 regem.
1236 821 1291 885 Sic

140 927 240 991 etiam
255 928 298 1007 V,
316 932 415 993 1095:
438 955 506 993 cum
522 936 595 994 caeli
611 929 736 992 dccccii
752 935 840 1012 plaga
855 950 975 1010 cropore.
1008 927 1062 990 Sic
1077 927 1214 990 Lachm.
1232 946 1291 1009 pro

137 1032 270 1113 imperia,
288 1031 416 1121 dicens:
434 1032 589 1111 „seilicet
604 1032 679 1094 illas
695 1032 816 1095 multas
831 1053 894 1094 res.
917 1031 964 1093 ita
979 1031 1013 1093 in
1027 1031 1075 1108 II,
1095 1031 1132 1094 73
1148 1035 1292 1111 augmine

139 1141 242 1213 donat,
259 1134 341 1199 etin
357 1137 420 1198 hoc
437 1136 520 1199 libro
538 1138 621 1199 1215
638 1141 783 1199 divinitus
805 1145 927 1199 aeterna
946 1140 1057 1197 donata
1077 1139 1183 1196 salute.
1213 1133 1292 1195 nam'

139 1237 221 1301 caeli
235 1238 379 1323 plagam,
401 1238 434 1301 id
457 1245 508 1302 est
527 1238 664 1317 fulmen,
684 1237 872 1301 hominibus
887 1257 1023 1320 vapores
1040 1235 1160 1300 donare
1177 1235 1292 1299 absur-

139 1340 218 1403 dum
234 1347 325 1403 est.“
347 1341 375 1420 I,
394 1344 449 1406 95:
467 1348 586 1406 sublata
601 1349 698 1406 virum
713 1341 860 1404 33333633,
876 1364 907 1404 v.
926 1343 982 1403 99:
1005 1346 1104 1404 hostia
1119 1343 1293 1402 concideret

138 1449 275 1506 mactatu
292 1454 406 1508 maesta
421 1451 562 1528 parentis.
587 1468 618 1508 v.
637 1447 713 1508 1033
733 1443 906 1528 terriloquis
921 1450 1019 1507 victus
1035 1443 1136 1506 dictis.
1161 1465 1192 1504 v.
1212 1444 1290 1504 106:

139 1554 336 1630 fortunasque
360 1557 427 1611 tuas
452 1555 549 1613 omnis
572 1554 694 1612 turbare
716 1547 831 1610 timore.
860 1571 891 1609 v.
914 1549 990 1611 114:
1016 1553 1109 1608 morie
1130 1551 1291 1627 dirempta.

138 1674 170 1713 v.
190 1652 268 1715 121:
286 1657 403 1714 Ennius
419 1652 552 1714 aeternis
571 1658 693 1735 exponit
713 1651 856 1712 33333633.
882 1673 913 1712 v.
932 1653 1010 1713 126:
1032 1675 1131 1713 rerum
1153 1658 1292 1712 naturam

139 1760 307 1839 expandere
328 1753 427 1818 dictis.
452 1777 483 1817 v.
510 1757 585 1819 143:
609 1754 700 1817 dictis
720 1753 826 1837 quibua
847 1764 878 1816 et
897 1776 953 1837 quo
976 1753 1108 1816 carmine
1128 1789 1159 1799 —-
1180 1758 1292 1835 possim

139 1863 341 1941 praepandere
357 1863 472 1922 lumina
486 1865 590 1922 menti.
615 1857 657 1935 V,
676 1861 733 1921 54:
758 1882 876 1921 omnem
891 1881 989 1920 rerum
1006 1864 1144 1919 naturam
1153 1855 1293 1936 paudere

140 1961 241 2024 dictis.
273 1960 301 2039 I,
325 1963 401 2023 129:
425 1983 484 2045 quc
505 1961 536 2023 ci
556 1987 692 2044 quaeque
713 1970 865 2042 gerantur.
896 1959 938 2037 V,
958 1962 1034 2023 252:
1057 1960 1153 2021 333133
1173 1964 1293 2042 pulsata

139 2069 251 2147 pedum
270 2062 312 2125 ci.
338 2064 399 2143 VI,
421 2067 498 2128 3303
521 2091 556 2129 33
576 2090 652 2148 quae
673 2070 761 2126 ionic
781 2063 812 2124 oi
832 2069 921 2126 missa
941 2071 1106 2146 supernest.
1131 2061 1193 2138 VI,
1212 2065 1290 2125 541:

139 2172 259 2231 volvere
279 2166 310 2227 ci
330 2173 448 2231 fluctus.
476 2168 505 2246 I,
528 2170 604 2232 130:
631 2167 751 2229 ratione
770 2166 874 2247 aupaci
899 2204 930 2212 —
955 2171 1130 2230 videndum.
1163 2187 1193 2226 v.
1214 2166 1291 2228 1333

140 2269 239 2331 morbo
255 2275 381 2333 adfectis
396 2291 555 2352 somnoque
571 2275 707 2353 sepultis.
731 2293 762 2332 v.
781 2271 859 2333 1373
882 2274 1042 2332 inlustrare
1058 2267 1293 2330 1333133333-

141 2372 204 2434 633.
222 2394 254 2436 v.
267 2375 343 2436 138:
361 2378 459 2436 multa
468 2373 552 2435 33333
561 2372 658 2434 certia
673 2379 848 2456 praesertim
862 2397 930 2435 cum
940 2378 980 2435 sit
990 2376 1149 2454 agendum.
1168 2392 1197 2431 v.
1212 2372 1291 2433 145:

140 2501 186 2538 res
203 2474 310 2559 quibua
326 2481 458 2540 occultas
479 2481 600 2559 penitus
621 2482 772 2540 convisere
789 2482 891 2558 possis.
916 2497 946 2536 v.
966 2478 1041 2539 155:
1060 2499 1094 2538 ac
1109 2479 1173 2536 fieri
1189 2472 1293 2535 diuino

139 2577 264 2640 3333333
286 2588 400 2643 rentur.
428 2603 460 2642 v.
485 2582 561 2644 1693
590 2579 752 2642 seminibus
776 2585 846 2661 quia
870 2578 960 2640 333333
983 2603 1119 2660 quaeque
1144 2586 1293 2641 creantur.

141 2703 172 2743 v
192 2684 268 2746 184:
291 2707 345 2746 nec
368 2708 455 2766 porro
477 2688 621 2765 augendis
641 2693 723 2747 retus
739 2689 808 2763 spui
810 2683 839 2744 io
849 2681 939 2766 socci
954 2702 1036 2742 3333.
1063 2683 1140 2743 3133
1158 2679 1295 2742 3311333

130 2784 222 2869 soret
238 2807 310 2847 3333
326 2793 415 2850 enim.
439 2807 470 2847 v.
491 2789 566 2849 3063
584 2786 696 2848 semiue
711 2792 831 2868 quando
848 2806 921 2866 opos
942 2789 985 2846 esi
1005 2789 1103 2861 rebus,
1126 2804 1182 2867 quc
1205 2807 1294 2865 quae-

143 2913 201 2970 que
217 2898 333 2953 creatae
349 2895 425 2953 airis
439 2916 471 2952 1n
480 2899 598 2954 teneras
608 2894 725 2972 possrnt
734 2894 892 2972 profemer
901 2911 996 2950 auras
1013 2886 1056 2964 11,
1068 2888 1144 2950 3333
1163 2892 1294 2969 denique

141 3016 202 3056 non
218 2991 312 3071 armis
327 3013 402 3073 opus
416 2998 472 3066 eci,
490 3019 550 3057 non
565 2991 717 3054 moenibus
733 2992 818 3065 31333,
842 2991 895 3075 qui
914 3015 967 3054 sua
987 2998 1136 3052 tutentur.
1160 3012 1192 3052 v.
1211 2991 1292 3053 3633

141 3100 185 3157 nil
201 3116 275 3175 opus
290 3100 335 3158 cri
350 3095 457 3158 333633.
483 3119 514 3158 v.
534 3097 615 3160 1053
632 3101 706 3178 quid
721 3095 762 3156 sii
780 3117 854 3176 opus
865 3093 970 3178 facio.
996 3091 1024 3170 1,
1043 3095 1103 3156 189
1124 3102 1160 3156 ut
1179 3117 1233 3175 par
1249 3101 1295 3156 est

141 3198 252 3260 semine
267 3202 347 3260 certo
358 3223 502 3262 crescere.
520 3221 551 3260 v.
565 3201 625 3262 300
636 3222 643 3259 3
655 3198 786 3279 pedibas
801 3203 854 3280 qui
869 3207 997 3280 pontum
1013 3221 1065 3278 per
1080 3199 1155 3259 vada
1170 3210 1295 3278 possent

140 3306 276 3364 transire.
293 3324 324 3363 v.
338 3304 414 3364 3013
431 3326 555 3383 magnos
565 3301 854 3365 maaiiucdivellcre
864 3305 985 3363 montis.
1001 3320 1032 3360 v.
1047 3300 1123 3362 211:
1140 3308 1295 3363 vertentes

140 3424 254 3466 3333333
275 3409 387 3485 glebas.
412 3427 443 3466 v.
462 3407 540 3468 221:
565 3410 686 3467 3333333
709 3410 779 3487 quia
800 3409 939 3466 coariani
959 3402 1071 3464 acaciae
1090 3426 1235 3485 quaeque.
1261 3425 1293 3465 v.
1316 3418 1320 3428 '

141 3508 218 3570 3033
237 3531 313 3589 quae
327 3517 430 3571 tamen
446 3513 546 3570 omnia
562 3528 702 3588 corporea
717 3513 855 3570 33333333
864 3516 1014 3571 necessest
1023 3511 1148 3567 333333.
1168 3527 1199 3568 v.
1212 3509 1292 3576 484:

141 3617 250 3694 partim
261 3610 388 3672 concilio
399 3635 475 3693 quae
485 3616 624 3672 coctioni
638 3616 863 3694 principiorum.
881 3633 911 3671 v.
924 3612 1002 3672 626:
1020 3614 1145 3672 minima
1154 3617 1296 3672 constent

26 3710 29 3718 ¹
141 3703 256 3776 natura.
280 3712 328 3790 II,
347 3715 425 3778 3783
449 3719 562 3776 actura
585 3720 727 3797 quoniam
744 3719 996 3794 constantiaeque
1012 3718 1092 3775 facta
1106 3734 1197 3773 manu
1212 3723 1294 3776 sunt.

132 3800 219 3880 452:
238 3816 359 3900 sintvicia
379 3843 455 3900 quae
478 3838 599 3898 corpore
619 3823 735 3901 liquida
756 3821 906 3879 33331333.
931 3838 963 3878 v.
983 3817 1058 3879 7333
1083 3821 1126 3878 ita
1144 3840 1296 3898 quamque

141 3930 290 3985 necessest
319 3920 472 3982 dissimili
491 3926 628 3982 coactare
651 3923 757 4004 sipara
786 3924 1010 4002 principiorum.
1043 3917 1110 3995 III,
1137 3920 1199 3982 186
1224 3940 1294 4000 sq.:

142 4029 279 4085 coactare
304 4024 449 4086 stiricidio
473 4049 617 4106 perquam
637 4022 800 4085 seminibus
820 4027 911 4086 debet
931 4046 1134 4106 perquamque
1153 4020 1293 4084 micatis.

142 4126 184 4203 V,
203 4127 279 4188 239:
297 4130 450 4210 Principio
466 4133 608 4209 quoniam
624 4133 714 4191 terrai
730 4151 837 4209 corpus
853 4136 884 4190 et
901 4151 986 4189 umor
1000 4149 1197 4206 aurarumque
1214 4130 1296 4189 leves

142 4235 257 4293 animae
279 4236 429 4314 calidique
450 4255 589 4314 vapores,
615 4255 630 4293 e
652 4235 760 4312 quibus
780 4236 853 4293 haec
873 4255 973 4293 rerum
994 4235 1157 4292 consistere
1179 4253 1297 4292 summa

143 4339 276 4414 videtur,
301 4341 402 4397 omnia
424 4334 529 4396 333333
554 4359 587 4397 ac
612 4333 735 4395 tirocinii
759 4354 880 4414 corpore
904 4339 1054 4406 33333333,
1080 4337 1171 4395 debet
1196 4333 1297 4396 3331333
