2874 4934
420 356 518 400 GASUS
542 353 844 399 snrsmnmvoamr.
868 354 1025 398 AGGUSA'P.
1257 337 1298 397 35

135 533 204 590 onis
220 526 302 589 inire
319 527 465 589 01000070
481 524 621 607 viamque
637 523 801 604 indugredi
816 529 944 587 sceleris.
971 521 1038 599 III,
1056 524 1116 585 681
1133 528 1214 585 vitae
1230 547 1299 584 cum

135 628 232 691 lieren
248 629 372 692 r'rcireas.
402 631 465 692 984
480 653 536 692 nec
554 626 662 711 76ίο00
677 633 813 689 volucres
828 626 936 688 irre-arri
951 632 1126 688 Acherunte
1141 623 1298 687 iacentem.

135 729 199 808 IV,
224 734 288 797 3140
307 737 367 795 init
390 737 501 795 oeulos.
532 730 561 806 I,
584 732 645 792 200
667 751 734 810 sq.:
759 738 887 811 pontum
913 766 944 774 -
969 733 1106 790 transire.
1137 726 1199 803 IV,
1222 728 1297 790 147:

137 818 266 907 100000,
290 840 378 897 utin
399 839 504 916 primis
528 837 648 895 000000.
682 830 724 892 ef.
743 853 775 893 v.
795 834 870 894 1520
892 856 962 893 nam
983 856 1090 912 neque,
1112 837 1159 893 uti
1178 836 1296 906 restem,

138 943 219 1016 potis
230 944 277 1000 est
287 936 430 998 transire.
448 958 479 998 v.
491 937 569 998 459:
586 955 704 1015 campos
719 939 847 1016 pedibus
863 933 996 994 transire
1011 938 1157 995 videmus.
1176 955 1208 994 v.
1222 935 1297 994 612:

141 1041 212 1101 dnm
237 1039 352 1101 transit
380 1040 486 1101 eierare
510 1044 677 1101 domorum.
716 1036 765 1113 II,
792 1037 875 1099 1103
900 1058 949 1117 sq.
976 1044 1119 1098 nocentes
1143 1041 1298 1117 praeterit.

119 1162 122 1167 ·
143 1139 182 1218 V,
200 1143 262 1205 760
279 1167 348 1204 eum
363 1142 430 1203 loee
440 1139 593 1221 praeterit
608 1145 735 1203 flammis
751 1138 878 1222 00000.
902 1137 961 1214 IV,
978 1141 1055 1201 440:
1072 1162 1149 1220 quac
1164 1143 1299 1201 demersa

148 1241 287 1325 liquorem
306 1244 426 1305 0600οί.
466 1243 520 1306 810
540 1242 773 1304 Lachmannus
799 1263 857 1324 pro
884 1241 1014 1324 liquore,
1043 1240 1170 1302 dicens:
1195 1240 1298 1317 „Non

150 1345 251 1425 potuit
264 1344 341 1431 ,ldici
365 1345 443 1426 quid
468 1347 605 1423 obeant,
636 1344 700 1407 nisi
724 1344 881 1427 liquorem.
914 1365 993 1425 ergo
1017 1343 1065 1405 ita
1089 1341 1298 1404 scribendum

157 1452 235 1508 eser
257 1470 291 1509 v.
303 1450 376 1512 9670
393 1454 508 1532 proelia
522 1453 614 1511 obire.
646 1450 729 1512 1020
745 1456 873 1510 mortem
890 1451 1013 1509 obeunt.
1029 1447 1072 1523 V,
1090 1449 1152 1508 618
1168 1452 1299 1527 lunaque

160 1556 293 1613 mensibus
311 1550 492 1630 1000071000
507 1555 646 1612 videatur
662 1550 754 1611 obire.
778 1549 839 1627 VI,
857 1552 956 1612 1243:
972 1555 1084 1626 labore,
1100 1555 1198 1632 pudor
1216 1569 1300 1632 quera

163 1660 214 1714 tum
235 1658 362 1734 cogebat
386 1652 479 1714 obire.
519 1651 561 1729 V,
584 1655 646 1714 616
665 1635 814 1715 brumalis
839 1657 1052 1715 adeat‘ilexus.
1092 1653 1173 1713 1229
1198 1656 1299 1713 divom

162 1774 245 1832 00000
264 1794 294 1801 -
315 1755 394 1818 asir.
426 1754 468 1831 V,
487 1756 569 1818 1330
581 1753 673 1839 seros
694 1755 817 1816 eribant
833 1760 933 1817 dentis
949 1755 1089 1815 0000000.
1122 1753 1298 1829 Vl,1205:

167 1863 321 1936 profluvium
337 1883 426 1941 porro
442 1864 494 1939 qui
510 1863 601 1920 taetri
612 1862 766 1938 sanguinis
777 1879 846 1918 aere
857 1857 983 1919 0000000.
1005 1856 1108 1917 Recte
1118 1854 1299 1917 Lambinus

167 1959 206 2038 qui
216 1983 267 2042 pro
283 1961 344 2023 eei.
371 1960 534 2022 Marullus
550 1958 611 2022 eei.
633 1982 665 2021 v.
679 1961 775 2022 1217:
792 1969 828 2023 ut
843 1981 941 2021 aerem
957 1957 1070 2020 erraret
1086 1958 1214 2019 odorem.
1246 1957 1299 2019 Sic

167 2057 277 2125 baebrn.
294 2085 353 2147 pro
370 2062 495 2125 exciret.
524 2061 704 2124 Brixiensis
721 2061 823 2123 editio
840 2063 946 2123 eriret.
973 2061 1033 2138 Vl,
1052 2063 1149 2123 1246:
1166 2066 1299 2143 optimus

167 2159 385 2246 0010000000
405 2191 476 2247 ergo
498 2171 625 2247 quisque
646 2165 776 2226 eradebat.
812 2164 853 2241 V,
878 2168 933 2226 55:
954 2169 1047 2226 Cuius
1069 2189 1125 2244 ego
1145 2164 1300 2244 00000000

166 2265 269 2345 restare
291 2274 356 2330 ete.
374 2268 403 2344 I,
421 2269 498 2330 3260
519 2288 602 2328 mere
622 2293 699 2349 quae
719 2267 898 2347 rependent,
921 2291 1008 2329 vesco
1024 2273 1086 2330 sale
1101 2291 1171 2330 saxa
1186 2291 1298 2349 peresa,

168 2365 210 2426 sed
226 2370 281 2449 VI,
304 2373 384 2434 489:
404 2377 480 2434 haut
499 2377 654 2448 mirumst,
678 2377 703 2433 si
723 2394 814 2452 parve
834 2381 970 2452 tempore
992 2395 1080 2452 saepe
1099 2380 1163 2432 tam
1183 2375 1301 2450 magnis

168 2471 255 2536 nimbis
270 2482 434 2556 tempestas
456 2484 547 2555 atque
563 2479 705 2536 tenebrae
722 2473 879 2553 00000000
894 2472 993 2534 eserie
1009 2497 1042 2535 ac
1059 2479 1157 2534 terres
1172 2473 1299 2552 0000000

168 2591 271 2651 superne
296 2574 505 2646 aecusativus
529 2575 640 2659 potius
665 2597 683 2636 a
708 2576 865 2655 reperierit
889 2574 1022 2658 pendet,
1048 2598 1079 2637 v.
1102 2574 1240 2636 Lachm.
1258 2573 1299 2634 ad

99 2746 101 2751 y
167 2668 223 2737 bl.
251 2679 310 2756 VI,
328 2680 389 2742 175
410 2688 518 2741 ventus
533 2684 586 2740 ubi
602 2678 716 2740 000000
731 2678 847 2739 rebem.
881 2678 909 2754 l,
928 2680 983 2743 15:
1004 2684 1175 2761 persultant
1190 2681 1301 2759 pabula

99 2764 101 2773 Ι
167 2775 235 2842 beta.
263 2781 311 2858 ll,
334 2784 412 2846 145:
434 2806 556 2844 nemora
575 2787 642 2844 avia
663 2787 889 2863 pervolitantes.
921 2782 982 2858 IV,
1006 2784 1082 2846 5500
1104 2785 1177 2842 dnm
1198 2785 1299 2840 00000-

166 2879 230 2943 00100
244 2906 346 2946 urerer.
371 2884 419 2961 II,
431 2886 509 2949 346:
526 2893 558 2946 et
573 2909 649 2966 quae
664 2890 843 2966 pervolgant
859 2910 982 2947 nemora
991 2890 1057 2946 avia
1072 2889 1298 2965 pervolitantes.

164 2973 186 3052 Ῑ»
199 2983 253 3049 924
267 3009 316 3068 sq.
340 3015 373 3039 =
393 2985 455 3063 IV,
474 2989 489 3048 1
508 3008 576 3067 sq.:
598 2987 677 3048 Aria
694 2993 848 3050 Pieridum
863 3008 995 3068 0000000
1017 2985 1083 3046 lore
1099 2991 1213 3048 nullius
1228 2995 1300 3048 ante

164 3081 306 3153 tritesolo.
338 3089 387 3166 II,
405 3091 483 3154 355:
505 3095 609 3153 viridis
625 3096 719 3152 saltus
740 3128 770 3136 —
791 3114 962 3172 peragrans.
993 3087 1054 3163 IV,
1072 3089 1151 3152 3210
1172 3087 1299 3149 obsidet·

164 3205 208 3260 que
225 3191 287 3254 rr'es
306 3198 472 3255 oculorum.
507 3191 564 3258 Ia:
585 3191 754 3274 „Egregie
776 3199 940 3254 corrector
961 3189 1112 3272 quadrati
1127 3189 1300 3272 obseditque

163 3283 280 3375 virspro
297 3294 409 3357 obsidet
428 3294 514 3378 quie:
537 3293 593 3356 sed
615 3294 736 3356 rectius
758 3294 838 3356 Itali
859 3302 894 3357 et
915 3293 1078 3356 Marullus
1100 3292 1298 3376 obsiditque.“

163 3403 187 3446 V·
195 3391 277 3463 10020
288 3422 364 3480 quae
375 3404 517 3479 quoniam
527 3403 625 3459 cerias
635 3407 762 3480 possunt
772 3397 906 3459 obsidere
909 3397 1024 3478 perles.
1040 3396 1069 3473 l,
1082 3398 1142 3459 027
1154 3423 1186 3449 =
1197 3395 1258 3472 IV,
1269 3398 1298 3461 20

162 3488 230 3559 iuvat
243 3498 373 3580 00000000
392 3501 533 3562 accedere
543 3501 660 3585 ferire.
694 3501 754 3578 IV,
773 3503 834 3563 838
851 3523 900 3581 sq.
918 3507 1008 3582 longe
1025 3506 1146 3581 linguae
1155 3520 1298 3580 praeees-

162 3589 193 3651 01
209 3607 287 3684 origo
307 3624 480 3665 00000000.
511 3602 573 3680 IV,
596 3606 675 3669 568:
695 3610 766 3667 Non
787 3602 1120 3683 0001000010010000,
1143 3601 1195 3665 ad.
1218 3624 1249 3682 q.
1273 3601 1296 3662 l.

161 3687 388 3770 Lachmannns:
414 3706 555 3784 „Reote,
580 3711 619 3766 ut
643 3712 736 3789 puto,
762 3704 943 3767 Lambinus
968 3705 1098 3767 cecidit:
1123 3706 1185 3766 hoo
1211 3702 1298 3765 enim

162 3811 222 3864 ⁰111ss
236 3808 421 3871 accusativo
438 3829 503 3870 non
519 3807 616 3870 mode
633 3809 771 3870 Plautus
788 3807 845 3870 sed
861 3806 1036 3870 Lueretius
1052 3806 1132 3890 ipse,
1155 3812 1192 3868 ut
1208 3804 1297 3868 vide-

160 3899 218 3982 ur,
239 3909 344 3974 iunxit
369 3911 403 3973 in
428 3911 470 3989 V,
496 3913 558 3973 608
583 3920 699 3993 segetes
724 3917 910 3994 stipulasque
934 3915 1070 3972 videmus
1091 3915 1236 3973 Accidere
1262 3933 1297 3970 ex

161 4021 210 4069 unu
228 4021 356 4078 scintilla
374 4019 516 4078 incendia
536 4020 644 4096 passim
672 4053 701 4060 -
729 4020 763 4075 at
778 4013 913 4074 incidere
929 4011 1154 4074 accusativum
1169 4011 1225 4073 vix
1241 4009 1296 4073 ad·

160 4103 286 4178 mittier
323 4118 365 4179 In
390 4123 550 4179 contextu
574 4116 747 4179 verborum
776 4124 888 4177 tamen
918 4114 989 4198 ipso
1019 4113 1130 4175 inridit
1159 4112 1297 4181 retinuit

159 4201 384 4283 bethmannus.
430 4220 479 4298 II,
507 4222 567 4282 163
593 4242 641 4301 sq.
673 4249 704 4272 =
733 4219 794 4296 IV,
822 4221 881 4281 207
907 4239 957 4298 sq.
988 4216 1208 4298 000106000υο
1238 4221 1296 4278 1001

160 4318 273 4385 dariam
300 4329 508 4386 transcurrere
528 4328 634 4386 eodem
655 4334 791 4403 tempore
812 4347 872 4404 quo
892 4326 963 4384 solis
977 4320 1160 4401 pervaleant
1182 4324 1297 4382 lumina

1047 4423 1080 4476 ³*
