2916 4934
567 374 738 417 SUBS'PANT.
765 374 837 417 CAP.
855 372 901 416 lv.

426 801 477 854 ΙΙ.
512 798 689 885 δμωὶς
705 795 1043 868 praepositionum.

657 991 729 1069 Cap.
752 991 806 1049 IV.

318 1176 340 1225 Ι.
378 1175 651 1239 Praepositicncs
673 1191 740 1224 curn
761 1174 912 1224 ablativo
934 1173 1142 1222 coniunctae.

240 1362 280 1432 A,
298 1360 335 1421 ab
356 1362 386 1442 a)
408 1359 563 1442 exprimit-
582 1360 693 1420 iocum
713 1365 771 1421 aut
792 1379 875 1435 rem,
897 1357 984 1420 unde
1004 1354 1128 1438 aliquid
1147 1363 1317 1419 movetur.

143 1462 269 1524 Motus
285 1460 343 1523 ille
360 1468 417 1523 sub
433 1461 522 1523 cerni
538 1467 651 1545 potest
666 1468 724 1523 sub
736 1460 882 1542 cogitare
898 1466 1045 1534 banbum;
1064 1458 1184 1525 dicitur
1199 1464 1319 1520 autem

154 1562 302 1645 cogitato
319 1563 377 1625 illo
394 1577 502 1641 motu,
527 1563 582 1625 ubi
603 1562 681 1644 quid
698 1563 781 1640 exis,
805 1562 934 1624 initium
952 1561 1057 1644 capit,
1079 1560 1317 1645 proficiscitur,

153 1664 266 1727 oritur.
312 1666 477 1750 (Kumpm.
516 1665 555 1727 de
580 1673 636 1729 AB
665 1664 917 1749 praepositionis
946 1686 1008 1726 usu
1033 1662 1186 1726 Plautino
1209 1686 1243 1746 p.
1268 1665 1316 1745 1).

140 1759 179 1845 Ἰ,
198 1752 237 1830 61
254 1774 449 1851 animumque
470 1793 606 1850 sagacem
627 1774 769 1830 semotum
785 1789 804 1828 e
820 1767 902 1828 ceris
923 1771 1033 1830 adhibe
1048 1789 1148 1828 veram
1164 1771 1203 1828 ad
1218 1772 1317 1835 ratio·

150 1896 229 1934 nem.
261 1893 292 1932 v.
310 1873 390 1934 463:
412 1876 554 1933 semotum
572 1870 725 1934 ebrcrum
741 1875 822 1931 mem
832 1868 1022 1951 placideque
1037 1867 1146 1951 quiete.
1178 1866 1229 1944 ΙΙ,
1248 1871 1316 1931 648

148 1979 260 2034 semote
287 1973 324 2033 ab
354 1972 468 2034 nestris
495 1973 583 2034 rebus
606 1973 805 2055 seiunctaque
834 1977 933 2053 longe.
973 1970 1041 2047 ΙΙΙ,
1064 1973 1104 2032 66
1133 1977 1248 2032 semote
1273 1971 1316 2032 ab

149 2075 234 2137 dulei
249 2074 314 2136 vite
330 2074 496 2157 stabilique
512 2079 663 2137 videntur.
697 2075 739 2151 V,
757 2078 819 2138 149
835 2083 952 2137 remota
971 2077 1107 2136 sensibus
1127 2077 1165 2136 ab
1185 2079 1314 2136 nostris.

148 2176 190 2253 V,
209 2179 270 2240 350
295 2203 371 2259 quos
391 2200 411 2239 e
431 2177 496 2238 ee'te
520 2189 629 2240 natura
652 2176 788 2238 removit.
821 2176 849 2253 Ι,
867 2178 929 2239 430
946 2197 995 2256 sq.
1022 2174 1059 2235 ab
1081 2174 1162 2236 cmce'
1183 2196 1316 2256 corpore

147 2278 316 2340 seiunctum
331 2285 536 2362 secretumque
552 2305 615 2342 esse
631 2280 668 2340 ab
685 2278 785 2340 inani.
815 2278 864 2355 ΙΙ,
882 2280 943 2340 861
961 2282 1063 2340 omnia
1077 2282 1139 2339 sint
1154 2299 1173 2338 a
1183 2278 1313 2357 prinei-

144 2379 210 2460 pe's‘s
225 2380 364 2442 seiuncta
379 2392 537 2444 necessest.
555 2381 603 2459 ΙΙ,
622 2384 683 2445 912
700 2386 865 2444 anobis-
884 2389 1007 2443 secrete.
1028 2378 1095 2455 ΙΙΙ,
1114 2382 1175 2441 552
1191 2390 1314 2464 secrete

25 2508 29 2515 ’
146 2488 184 2546 ub
200 2488 297 2545 nobis,
328 2505 359 2545 v.
378 2486 454 2546 625:
478 2493 593 2547 secreta
608 2508 626 2546 a
641 2508 764 2566 corpore
779 2491 893 2547 nostro.
925 2482 985 2558 IV,
1002 2484 1065 2545 463
1082 2503 1131 2563 sq.
1148 2506 1195 2544 res
1211 2502 1314 2544 secer-

145 2606 217 2647 nere
237 2594 356 2667 apertas
377 2585 415 2646 ab
436 2585 554 2658 dubiis,
576 2591 693 2649 animus
715 2611 788 2669 ques
804 2586 841 2645 eb
857 2606 888 2646 se
903 2590 1042 2667 protinus
1057 2588 1153 2647 addit,
1183 2583 1227 2660 V,
1245 2588 1314 2647 446

146 2709 165 2748 e
182 2687 274 2748 terris
294 2693 390 2750 elbum
407 2708 560 2748 secernere
575 2694 700 2750 caelum.
725 2675 834 2763 1,‘410
853 2692 1014 2769 paulumve
1036 2685 1192 2774 recesseris
1208 2685 1247 2746 ab
1262 2708 1312 2748 ee.

147 2788 209 2866 IV,
222 2792 273 2851 65:
290 2814 359 2853 num
377 2814 430 2852 cur
438 2795 492 2852 illa
502 2795 611 2852 cadant·
619 2795 716 2870 magis
726 2789 763 2849 eb
773 2789 919 2871 rebusque
929 2789 1073 2850 recedant
1083 2793 1163 2849 cest.
1181 2809 1214 2849 v.
1229 2790 1311 2852 130:

151 2916 227 2973 quae
250 2916 377 2973 cumque
401 2892 438 2953 ab
453 2893 547 2953 'rebus
562 2917 661 2955 rerum
677 2896 836 2954 simulacra
850 2891 1005 2952 recedent.
1036 2911 1068 2952 v.
1089 2890 1148 2952 737
1164 2896 1257 2952 variis
1273 2897 1316 2954 ab

100 2985 101 2989 ¹
149 2999 239 3057 rebus
259 3033 292 3042 —
316 2999 471 3057 recedunt.
502 2994 666 3071 VI,1042
689 2999 741 3056 Fit
761 3031 792 3040 —
813 3002 849 3056 ub
871 3016 890 3054 α
910 2992 1015 3073 lepide
1033 2991 1087 3054 hoc
1107 2997 1176 3054 ferri
1198 3001 1316 3056 nature

146 3097 280 3158 recedat.
312 3096 355 3173 V,
375 3097 433 3160 707
457 3106 604 3179 quantum
627 3102 698 3159 solis
719 3095 832 3157 secedit
852 3094 889 3156 ab
912 3094 987 3157 orbi.
1019 3093 1048 3171 Ι,
1066 3097 1107 3157 64
1122 3118 1199 3176 quae
1216 3106 1315 3178 caput

147 3221 166 3260 e
183 3204 258 3261 caeli
279 3198 454 3277 reproaches
474 3204 663 3262 ostendebas.
694 3221 725 3261 v.
744 3199 821 3260 102:
845 3221 863 3258 a
880 3196 965 3259 cobis
986 3235 1016 3244 —
1038 3196 1201 3259 desciscere
1217 3222 1315 3279 quae·

146 3325 203 3364 res.
234 3323 266 3362 v.
285 3302 363 3362 352:
387 3326 482 3383 usque
504 3306 541 3364 ab
561 3306 712 3364 radicibus
727 3305 805 3363 imis.
836 3321 869 3361 v.
886 3300 964 3363 459:
988 3304 1077 3362 rebus
1092 3304 1129 3362 ab
1147 3304 1222 3381 ipsis
1238 3324 1314 3363 con·

147 3408 286 3485 sequitur
301 3427 419 3480 sensus,
440 3413 627 3466 transactum
648 3407 722 3484 quid
737 3407 777 3465 sib
793 3407 824 3464 in
840 3426 923 3464 aevo.
954 3424 986 3464 v.
1005 3402 1083 3464 637:
1107 3421 1214 3463 avere
1231 3407 1314 3485 lapsi

145 3504 268 3566 ratione
297 3510 449 3567 videntur.
480 3527 512 3567 v.
536 3507 612 3568 711:
645 3530 755 3586 magno
785 3529 875 3586 opere
905 3527 923 3566 a
953 3525 1022 3565 cero
1051 3509 1142 3585 longe
1171 3508 1314 3569 derrasse

146 3613 298 3670 videntur.
329 3629 361 3669 v.
384 3610 462 3670 880:
490 3613 570 3689 quod
596 3617 700 3670 temen
721 3630 740 3668 e
760 3627 831 3668 cere
858 3612 949 3688 longe
969 3606 1090 3668 rasione
1109 3611 1312 3688 repulsumst.

146 3708 269 3786 11,82:
293 3714 377 3771 evius
402 3730 420 3770 a
441 3729 512 3771 cera
535 3715 625 3791 longe
646 3708 767 3770 ratione
781 3714 907 3790 vagaris.
938 3731 970 3771 v.
988 3710 1066 3772 176:
1088 3732 1199 3790 magno
1216 3735 1314 3793 opere

147 3832 167 3870 e
182 3830 255 3872 vere
270 3816 346 3893 lapsi
371 3809 493 3872 ratione
511 3817 663 3875 videnbur.
697 3833 729 3873 v.
749 3813 827 3873 229:
851 3817 936 3875 uvius
957 3834 977 3872 e
991 3832 1062 3874 ecre
1078 3817 1169 3892 longe
1182 3812 1314 3876 ratione

146 3916 270 3975 recedit.
301 3935 332 3974 v.
352 3915 430 3976 645:
451 3919 542 3995 longe
559 3924 632 3977 sunb
646 3924 749 3978 temen
765 3935 784 3975 a
800 3933 872 3975 vera
886 3912 1007 3975 ratione
1022 3920 1151 3996 repulsa.
1183 3914 1228 3993 V,
1247 3918 1309 3978 23:

148 4020 267 4096 longius
289 4038 308 4076 a
330 4036 400 4077 vere
422 4022 520 4079 multo
543 4016 663 4078 ratione
686 4022 800 4078 ferere..
820 4038 851 4078 v.
870 4017 948 4079 406:
972 4021 1054 4098 quod
1069 4016 1217 4096 procula
1233 4038 1312 4080 vera

147 4122 237 4180 nimis
262 4117 446 4179 cessatione
466 4118 630 4198 repulsum.
662 4117 724 4195 VI,
743 4114 819 4181 767:
846 4124 928 4200 quod
946 4119 1059 4198 procel
1081 4141 1099 4179 α
1119 4139 1190 4180 vera
1214 4145 1311 4202 quam

147 4224 188 4281 sie
207 4219 329 4280 ratione
347 4225 501 4300 repulsum
522 4227 650 4304 percipe.
682 4243 714 4282 v.
732 4223 809 4283 853:
840 4226 921 4303 quod
940 4226 1030 4283 nimis
1052 4243 1071 4282 a
1091 4230 1193 4284 verast
1214 4227 1313 4303 longe

147 4321 268 4383 relicere
292 4331 452 4384 remotum.
492 4321 521 4398 Ι,
544 4326 621 4385 663ι
648 4329 692 4387 nil
717 4324 753 4384 el)
778 4346 809 4385 se
833 4329 954 4387 mittere
978 4333 1113 4406 possunt.
1148 4322 1312 4401 II,1135
