2874 4934
246 369 306 430 150
614 385 825 430 aoieomvuu.
858 385 930 430 oar.
949 385 1021 430 xm.

246 561 414 619 catulorum
430 555 543 616 blondo
557 576 689 636 propapo
710 593 741 600 -
761 555 890 617 *instant
922 554 963 633 V,
976 558 1038 619 854
1053 565 1219 639 mutuaque
1234 555 1389 618 instatura

245 665 325 723 inter
345 683 376 721 se
395 663 505 740 gaudia
526 663 660 740 aterque.
693 657 769 720 Alia
790 659 938 741 exempla
956 658 1092 740 pluralis
1108 658 1235 722 numeri
1251 664 1332 720 sunt
1347 656 1387 734 H,

245 764 306 825 401
328 770 534 844 pertorquent,
556 782 587 822 v.
605 760 741 822 Laehm.
767 759 909 838 Istae:
928 767 1009 843 large
1025 768 1132 826 diffuso
1148 767 1264 825 lumine
1281 760 1387 822 rident.

245 863 400 926 Lachm.:
417 862 577 941 „deorum
593 862 698 940 sedes,
720 883 785 924 non
800 865 924 941 aether,
947 863 1069 927 lumine
1089 863 1275 928 aetheris.“
1292 861 1386 945 (vulg.

245 966 348 1048 ridet).
366 964 447 1043 HI,
465 969 504 1029 65
522 987 587 1047 sq.:
609 971 706 1047 turpis
727 971 807 1029 enim
823 973 915 1030 ferme
931 976 1123 1050 contemptus
1138 975 1169 1030 et
1184 973 1262 1030 aeris
1279 975 1387 1048 egestas

245 1079 360 1133 semota
378 1074 415 1132 ab
437 1073 519 1131 dulei
539 1074 602 1131 vita
620 1069 954 1159 stabilique'oe'deatur.
987 1069 1044 1132 L.:
1068 1071 1196 1147 „Reate
1212 1067 1387 1131 Lambinus

245 1171 387 1234 videatur
403 1173 471 1254 (pro
487 1171 634 1252 videtum:
653 1193 728 1233 nam
744 1170 861 1234 demota
878 1178 929 1234 est
945 1172 1052 1235 neutri
1068 1171 1235 1254 generis.“
1260 1171 1323 1248 IV,
1334 1173 1387 1234 395

245 1296 294 1356 sq.
312 1279 416 1356 solque
432 1279 496 1357 pari
511 1279 627 1337 ratione
642 1299 762 1337 manere
778 1284 808 1338 et
824 1280 895 1337 luna
910 1275 1052 1337 videatur
1065 1281 1097 1339 in
1113 1281 1255 1353 statione,
1273 1298 1387 1357 eaquae

247 1382 316 1440 ferri
331 1401 377 1439 res
391 1382 507 1440 indicat
521 1383 595 1460 ipsa.
620 1375 676 1438 L.:
695 1375 909 1453 „Quadratus
925 1376 1058 1450 velletor,
1077 1377 1163 1461 quod
1176 1377 1387 1461 interpretum

247 1477 365 1542 levitas
381 1478 544 1562 patienter
559 1479 819 1546 tolerat:.debet
839 1500 909 1542 esso
925 1480 1079 1553 videatur,
1098 1501 1170 1543 eum
1188 1486 1344 1562 sequatur
1358 1504 1388 1542 ea
1434 1562 1436 1567 Ι

246 1606 321 1664 quae
342 1587 412 1645 ferri
432 1608 477 1645 res
500 1587 614 1645 indicat
633 1587 727 1665 ipsa.“
757 1581 798 1659 V,
818 1584 877 1645 782
898 1582 1011 1645 crerint
1026 1582 1162 1646 Lachm.
1186 1604 1244 1666 pro
1269 1581 1388 1644 credent
1433 1596 1436 1649 1

247 1684 374 1767 (Lamb.
392 1684 541 1767 tentarit),
565 1683 676 1747 dieens
697 1683 856 1767 pluralem
877 1707 1044 1748 numerum
1064 1685 1169 1768 magis
1190 1707 1263 1749 esse
1280 1706 1320 1748 ex
1334 1706 1388 1746 usu
1433 1654 1436 1761 l

245 1785 402 1850 Lucretii.
439 1787 481 1865 V,
501 1790 584 1851 1048
600 1809 667 1869 sq.:
691 1792 771 1851 unde
792 1793 863 1850 data
882 1798 927 1851 est
948 1795 1019 1852 huie
1040 1794 1136 1871 prima
1156 1798 1302 1872 potestas,
1323 1791 1388 1870 quid

245 1897 348 1969 vellet,
370 1898 466 1954 faeere
481 1900 517 1954 ut
531 1891 644 1953 scireut
666 1896 825 1973 animoque
844 1891 991 1953 viderent.
1023 1890 1076 1954 Sio
1093 1891 1257 1954 Avantius
1274 1890 1388 1974 optime

246 2015 303 2077 pro
324 1993 414 2056 eoiret
436 1999 470 2056 et
489 1993 614 2071 videret,
639 1991 767 2056 scilieet
787 1999 935 2076 potestas
958 1992 1097 2057 faoiendi
1119 2000 1160 2057 ut'
1179 1993 1304 2058 seirent
1319 1991 1389 2076 quid

246 2096 359 2159 vellet.

332 2204 361 2263 2.
379 2199 533 2262 Personae
542 2199 635 2262 verbi.
662 2198 812 2263 Secunda
826 2220 964 2282 persona
979 2199 1153 2283 singularis
1163 2199 1290 2262 numeri
1301 2219 1391 2282 saepe

246 2301 444 2386 generaliter
464 2301 596 2385 ponitur
616 2324 674 2386 pro
697 2301 822 2384 quavis.
859 2301 913 2365 Sio
932 2302 994 2380 Vl,
1018 2307 1094 2367 168:
1118 2308 1239 2367 caedere
1262 2309 1391 2385 siquem

248 2411 374 2489 ancipiti
402 2405 507 2467 arideus
536 2411 613 2469 ferro
637 2412 742 2489 procul
766 2412 879 2469 arboris
903 2417 1034 2469 auctum.
1074 2405 1127 2468 Sic
1152 2405 1315 2468 Marullus
1339 2425 1391 2488 pro

248 2510 361 2572 videat.
402 2507 581 2572 Brixiensis
607 2508 707 2572 editio
737 2509 866 2589 anemii
897 2509 1031 2586 videant.
1073 2532 1104 2572 v.
1132 2510 1229 2572 1170:
1257 2491 1302 2572 nil
1325 2513 1393 2570 adeo

242 2634 346 2694 possea
356 2619 495 2696 cuiquam
504 2619 570 2677 leve
579 2623 730 2696 tenveque
739 2617 880 2675 membris
889 2606 1005 2676 vertere
1014 2618 1046 2676 in
1055 2599 1231 2676 utilitatem.
1256 2609 1393 2673 Omnino

249 2715 334 2778 male
349 2715 529 2778 Lambinus
544 2721 659 2797 posset.
691 2715 751 2793 IV,
771 2718 831 2779 170
853 2722 951 2779 rearis.
983 2716 1023 2780 In
1045 2715 1128 2778 libro
1150 2714 1212 2792 VI,
1230 2718 1291 2778 251
1315 2713 1393 2796 (loeo

249 2817 392 2903 gemino)
408 2844 533 2882 reamur.
558 2818 597 2880 L.
615 2817 722 2896 „nihil
738 2817 892 2881 interest:
911 2819 968 2881 sed
984 2818 1038 2881 vix
1055 2817 1151 2880 eredo
1167 2823 1300 2902 poetam
1315 2817 1395 2879 hano

118 2915 120 2919 ¹
175 2967 178 2973 .
248 2921 517 3005 inaequalitatem
527 2921 717 2985 relicturum
727 2921 838 3000 fuisse,
850 2921 877 2983 si
887 2942 1017 2984 oarmen
1027 2943 1121 2984 suum
1130 2919 1200 3004 ipse
1211 2919 1394 2983 edidisset.“

250 3026 311 3103 IV,
329 3029 389 3090 361
414 3032 449 3088 fit
472 3031 557 3108 quasi
580 3036 615 3089 ut
639 3031 677 3089 ad
700 3036 823 3089 tornum
844 3051 980 3089 saxorum
1001 3034 1116 3088 structa
1131 3029 1253 3086 tuamor
1269 3020 1395 3107 scripsit

250 3129 480 3192 Lachmannus
496 3150 554 3217 prp
571 3134 710 3202 leantur,
729 3127 815 3212 quod
832 3151 897 3191 non
913 3128 1015 3191 habet
1031 3149 1094 3209 quo
1111 3126 1282 3190 referatur.

593 3387 636 3442 V.
670 3385 845 3458 Syntaxln
863 3385 1057 3443 adlectivl.

734 3582 805 3658 cap.
829 3581 916 3639 xm.

339 3770 367 3810 a.
392 3748 446 3811 Ad
463 3748 568 3811 subet.
587 3769 728 3810 reametur
744 3745 941 3809 adieetivum
957 3743 1146 3828 negativum
1165 3742 1312 3807 eiusdem
1328 3741 1400 3805 stir-

255 3851 304 3937 pis
329 3849 862 3934 adiungitLueretiusII,1054:
888 3875 1012 3913 numero
1036 3855 1202 3912 innumero.
1233 3846 1301 3924 III,
1324 3847 1341 3909 7
1346 3847 1399 3909 791

138 4016 143 4025 .
254 3962 411 4020 innumero
421 3981 554 4019 numero.
575 3955 733 4032 lmese:
751 3974 872 4016 numero
881 3959 977 4034 magis
986 3950 1182 4026 intemerati,
1200 3948 1243 4012 ef.
1255 3947 1399 4012 Lobeok.

206 4131 210 4142 ¹
255 4059 356 4145 paral.
374 4083 405 4143 p.
425 4062 496 4123 230.
524 4057 723 4122 Accusativo
740 4055 848 4119 neutri
863 4054 992 4138 generis
1008 4075 1157 4116 aerearum
1172 4052 1252 4115 mire
1269 4049 1401 4114 adieeti-

256 4186 332 4226 vum
357 4162 483 4225 addidit
508 4161 681 4224 Lueretius
705 4160 752 4236 H,
771 4163 831 4222 289
849 4182 897 4241 sq.
923 4164 975 4223 sed
999 4183 1036 4222 ne
1060 4182 1143 4220 mens
1168 4163 1232 4239 ipsa
1256 4176 1403 4217 necessum

258 4267 432 4329 intestinam
456 4270 566 4328 habeat
590 4269 705 4327 eunetis
721 4269 761 4326 2in
785 4267 873 4325 rebus
897 4268 1020 4343 agendis
1041 4265 1134 4336 oete„
1161 4281 1191 4320 v.
1209 4256 1347 4320 Laohm.
1366 4256 1403 4318 ad

259 4368 318 4448 VI,
349 4372 421 4432 815.
466 4369 597 4454 Duplex
626 4365 823 4431 adieetivum
853 4363 1059 4428 substantivo
1089 4359 1276 4446 appositum
1306 4360 1404 4424 habes
