2874 4934
413 372 511 415 OASUS
534 368 836 414 SUBS'PANTIVORUM.
869 369 1019 413 DATIVUS.
1250 352 1291 413 39

607 541 642 592 D.
677 539 820 592 nativus.

510 645 532 693 Ι.
570 645 710 692 Dativus
730 645 919 706 qualitatis.

222 746 365 809 Dativus
383 767 457 807 cum
473 743 502 806 ei
517 742 609 805 verbi
625 742 729 806 statui
745 742 930 821 conveniat,
953 765 1035 825 quae
1052 765 1091 806 ex
1107 744 1236 806 actione
1252 745 1293 807 ad

132 847 235 910 finem
255 848 416 931 perducta
436 845 569 930 prodiit,
594 845 752 928 sequitur,
775 851 814 909 ut
834 845 1000 911 obiectum
1021 845 1114 929 quasi
1134 846 1292 909 remotius

135 950 315 1033 exprimat,
352 949 441 1032 quod
475 948 604 1011 actione
639 947 698 1011 illa
734 947 913 1010 etiamnum
947 954 1106 1030 tangatur
1141 947 1293 1030 quodque

136 1053 272 1135 effectam
288 1051 396 1114 dicere
416 1049 523 1134 possis
544 1052 586 1132 (v.
605 1050 718 1113 Herm.
737 1049 777 1112 de
794 1049 922 1112 emend.
939 1055 1000 1113 rat.
1019 1071 1069 1132 gr.
1087 1071 1137 1132 gu.
1154 1073 1186 1134 p.
1205 1052 1291 1133 141).

137 1152 199 1215 Hic
222 1154 360 1217 effectus
381 1158 490 1215 autem
512 1151 590 1215 talis
612 1159 673 1230 est,
695 1159 733 1215 ut
748 1152 817 1236 ipse
835 1174 963 1235 quoque
979 1152 1124 1214 vicissim
1139 1152 1294 1236 respiciat

144 1261 263 1318 statum
278 1255 371 1319 verbi
387 1261 421 1318 et
437 1253 503 1317 vim
519 1277 611 1318 suam
627 1254 661 1317 in
677 1277 715 1318 eo
732 1260 894 1319 exerceat.
933 1254 1049 1318 Prouti
1064 1260 1175 1317 autem
1191 1254 1293 1316 actio·

147 1357 189 1420 nis
213 1365 269 1421 aut
298 1357 435 1421 effectis
459 1357 509 1419 vis
533 1357 637 1420 maior
661 1364 729 1435 est,
759 1356 891 1420 dativus
918 1357 1024 1439 magis
1048 1356 1213 1440 passivam
1237 1364 1294 1419 aut

152 1460 278 1524 activam
299 1459 575 1543 significationem
596 1459 717 1522 habere
736 1458 801 1522 dici
821 1465 944 1544 potest,
967 1482 1164 1542 quamquam
1180 1458 1294 1523 discri-

155 1585 215 1625 men
231 1563 278 1625 ita
298 1563 449 1640 fluctuat,
473 1568 511 1624 ut
530 1562 697 1625 interdum
718 1584 784 1625 non
804 1561 910 1646 possis
927 1567 1079 1625 accurate
1096 1561 1292 1640 discernere,
1374 1593 1376 1597 r

158 1665 188 1727 ad
205 1672 311 1728 utrum
336 1687 441 1747 genus
467 1665 598 1727 dativus
623 1664 741 1747 aliquis
765 1663 956 1728 referendus
982 1663 1036 1726 sit.
1072 1664 1167 1727 Hanc
1192 1664 1295 1747 igitur

159 1766 403 1831 distributionem
427 1790 567 1850 sequens
591 1760 656 1831 iam
680 1768 772 1830 locos
792 1767 1008 1830 Lucretianos
1032 1766 1223 1851 potissimos
1244 1788 1294 1829 re·
1351 1842 1355 1849 ι

160 1871 289 1934 censebo.

226 1995 252 2036 a.
276 1972 413 2035 Dotions
435 1971 567 2057 <effectis
599 1970 673 2033 Huc
696 1978 773 2035 ante
794 1971 903 2035 omnia
923 1970 1066 2049 dativus,
1089 1971 1146 2054 qui
1161 1971 1292 2048 dicitur,

161 2075 300 2138 commodi
315 2074 506 2137 referendus
526 2078 588 2136 est.
613 2073 643 2152 I,
664 2077 698 2137 8:
717 2074 774 2137 tibi
788 2080 890 2138 rident
905 2099 1034 2156 aequora
1048 2080 1144 2156 ponti.
1165 2097 1196 2137 v.
1214 2076 1292 2138 416:

160 2199 230 2254 quam
244 2177 300 2240 nte·
315 2215 346 2223 -
362 2183 402 2240 sit
418 2183 504 2259 copia
519 2175 621 2238 nisse.
638 2198 669 2238 v.
684 2180 745 2239 688
756 2199 822 2258 sq.:
840 2202 917 2259 quae
933 2202 1057 2259 corpore
1071 2176 1190 2240 mittere
1199 2183 1295 2260 possit

160 2279 282 2343 sensibus.
300 2283 415 2342 vnn:
426 2277 589 2341 hostibi—
600 2303 720 2360 possum
724 2279 915 2359 promittere.
932 2283 1024 2342 vnn:
1034 2285 1295 2362 petensplacidam

160 2375 285 2444 denonis
299 2420 331 2428 -
346 2393 459 2465 pacem.
481 2402 512 2442 v.
524 2383 601 2443 929:
619 2386 831 2464 insignemque
844 2403 906 2444 meo
917 2381 1014 2462 copiti
1015 2388 1122 2461 petere
1131 2388 1202 2445 inde
1212 2408 1294 2446 coro·

159 2503 212 2545 nam
221 2514 249 2538 =
260 2484 323 2563 IV,
334 2488 366 2548 4.
379 2483 421 2561 V,
430 2486 528 2546 1142:
540 2483 842 2566 imperiumsidioum
850 2490 1294 2567 cosummatumquisquepeie·

160 2578 206 2646 ini.
220 2586 245 2664 I,
256 2589 312 2651 43:
330 2592 482 2651 communi
496 2592 581 2649 desse
591 2591 691 2649 saluti.
707 2607 739 2649 v.
753 2589 804 2650 52:
816 2611 884 2651 mea
893 2593 972 2651 dona
982 2586 1039 2649 n'bi
1047 2593 1149 2650 studio
1160 2593 1295 2670 disposta

159 2687 229 2752 fideli.
244 2713 275 2752 v.
289 2693 330 2753 54
340 2711 407 2771 sq.:
426 2688 483 2750 tibi
499 2694 643 2751 disserere
652 2693 803 2771 incipiam.
821 2711 852 2751 v.
867 2688 1111 2753 751efertnobr's.
1130 2711 1161 2751 v.
1176 2692 1214 2752 76
1225 2713 1291 2772 sq.:

158 2789 225 2854 finita
243 2799 377 2875 potestas
398 2796 528 2873 denique
548 2789 656 2874 cniqnc
677 2815 826 2873 quanam
847 2798 887 2855 sit
908 2798 1024 2855 ratione
1044 2800 1136 2874 atque
1157 2798 1219 2856 alte
1234 2801 1294 2856 ter-

158 2896 236 2958 minus
250 2901 376 2959 haerens
396 2922 428 2947 =
449 2895 510 2956 595
527 2914 576 2974 sq.
594 2915 626 2954 v.
645 2893 702 2956 87:
725 2893 775 2955 eni
796 2899 886 2957 simul
903 2900 1000 2957 infula
1014 2899 1165 2975 virgineos
1181 2901 1292 2958 circum

159 2994 213 3058 data
224 3008 361 3081 comptus
378 3022 412 3059 ex
428 3005 555 3078 utraque
576 3001 641 3078 pari
660 3003 807 3060 malarum
823 3006 908 3079 parte
924 3003 1082 3080 profusast.
1114 3018 1146 3058 v.
1164 2999 1220 3059 93:
1238 2985 1293 3061 nee

158 3095 262 3161 miserae
279 3100 425 3180 prodesse
454 3136 484 3145 —
514 3093 630 3181 quibat.
663 3097 711 3176 ΙΙ,
734 3101 790 3162 39:
817 3099 917 3161 animo
942 3124 1062 3182 quoque
1086 3103 1130 3161 nil
1147 3099 1293 3179 prodesse

158 3207 315 3274 putandum.
346 3201 375 3278 Ι,
398 3203 476 3264 104:
500 3225 591 3283 quam
611 3207 709 3265 multa
729 3201 787 3264 n'bi
806 3208 866 3265 iam
885 3207 998 3283 fingere
1019 3209 1146 3284 possunt
1167 3208 1291 3265 somnia.

158 3315 181 3359 V.
199 3305 266 3368 124:
290 3309 371 3367 unde
391 3303 450 3365 sibi
471 3312 605 3367 exortam
626 3329 743 3386 semper
767 3310 901 3368 florentis
923 3310 1050 3368 Homeri
1078 3313 1292 3367 commemorat

157 3411 264 3480 speeiem
280 3413 416 3471 lacrimas
433 3411 584 3470 effundere
600 3413 691 3470 salsas
707 3412 849 3489 coepisse.
871 3429 901 3468 v.
915 3409 992 3469 168:
1011 3412 1064 3488 qui
1079 3415 1180 3490 posset
1195 3417 1293 3471 mater

157 3502 225 3570 reios
243 3515 406 3573 consistere
430 3513 532 3573 certa?
561 3531 593 3570 v.
612 3510 691 3572 184:
718 3534 773 3572 nec
798 3534 885 3593 porro
910 3509 1058 3589 onpendis
1082 3509 1170 3571 rebus
1193 3516 1291 3593 spatio

157 3606 309 3676 foretusus.
340 3634 373 3674 v.
392 3615 470 3675 206:
494 3616 607 3678 semine
629 3617 749 3693 quando
772 3633 845 3691 opos
861 3617 905 3674 esi
920 3610 1018 3673 robus.
1050 3610 1098 3690 II,
1116 3614 1193 3674 815:
1217 3619 1291 3675 scire

157 3706 213 3774 licet
233 3721 276 3779 nil
293 3713 463 3796 principiis
487 3735 561 3794 opos
585 3735 648 3775 esse
672 3720 794 3778 colores.
824 3712 887 3789 IV,
909 3716 1007 3777 1268:
1030 3738 1085 3776 nec
1100 3720 1205 3777 molles
1222 3713 1291 3795 opn'

157 3819 212 3874 seer
227 3826 325 3881 motus
347 3817 491 3879 osoribus
511 3821 617 3880 hilum.
648 3838 680 3878 v.
699 3817 798 3880 1277:
821 3815 998 3896 coniopibos
1018 3821 1099 3899 quod
1120 3822 1165 3879 nil
1179 3817 1292 3879 nostris

159 3927 215 3986 rpus
233 3939 292 3982 esse
311 3912 441 3983 videtur.
471 3918 652 3996 V1‚1081:
677 3943 732 3981 nec
752 3918 809 3980 tibi
829 3957 859 3965 -
884 3940 957 3999 opos
979 3924 1033 3980 est.
1065 3918 1094 3997 I,
1114 3911 1190 3983 tls:
1215 3945 1291 4002 quae

155 4018 274 4086 parribus
306 4028 369 4086 eius
401 4027 561 4086 discidium
587 4046 689 4105 parere
707 4035 745 4067 '-
772 4028 883 4104 posset.
915 4044 946 4083 v.
971 4022 1047 4085 267:
1073 4047 1112 4085 ne
1134 4048 1193 4105 qua
1213 4029 1291 4086 forte

160 4115 240 4186 iumen
249 4134 368 4208 coeptes
379 4122 520 4211 diffidere
530 4125 632 4187 dictis.
650 4147 681 4187 v.
694 4127 772 4188 334:
785 4129 895 4188 nostris
905 4129 1041 4188 diffidere
1052 4130 1150 4188 dictis.
1167 4147 1199 4187 v.
1211 4127 1288 4189 372:

161 4219 242 4286 tedere
263 4226 461 4311 sqnomiperis
488 4233 593 4291 latices
623 4226 789 4290 nitentibus
813 4232 908 4290 aiunt.
948 4250 979 4289 v.
1006 4229 1084 4290 832:
1110 4252 1165 4290 nec
1189 4237 1292 4292 nostra

162 4319 240 4391 dicere
258 4335 362 4414 lingue
382 4330 518 4393 concedit
537 4330 622 4394 nobis
643 4335 735 4415 patrii
755 4336 901 4396 sermonis
921 4340 1047 4414 egestas.
1083 4352 1114 4393 v.
1137 4332 1199 4393 400
1220 4353 1288 4415 sq.:
