2874 4934
217 339 276 401 102
623 357 776 401 essaeos.
810 357 945 402 55515.

216 545 328 587 omnes
344 523 378 602 ii,
397 523 514 608 quibus
530 545 620 606 saper
636 546 696 587 esse
713 524 887 589 invenitur.
915 525 999 598 Sunt
1014 532 1125 590 autem
1140 525 1224 591 hice.
1251 526 1281 603 Ι,
1293 528 1362 590 921.

214 626 262 707 II,
281 629 359 692 183:
380 651 460 691 nuno
479 632 511 692 id
532 632 614 710 quod
632 647 722 707 ssqm
744 632 789 689 est
809 632 846 691 de
861 633 993 694 motibus
1010 634 1211 712 expediemus.
1242 649 1275 693 v,
1292 631 1362 692 516.

215 728 282 807 ΙΙΙ,
301 731 379 795 878:
407 754 469 794 esse
498 767 528 775 -
557 755 655 812 super.
686 751 717 792 v.
735 731 812 793 905:
838 737 904 795 aevi
925 735 1006 812 quod
1027 752 1117 812 super
1139 737 1194 795 est.
1226 730 1272 810 V,
1290 733 1363 795 206:

215 836 296 915 quod
305 852 396 912 saper
405 836 449 893 551
458 837 529 895 arvi.
552 830 614 910 VI,
626 833 702 895 979:
720 838 789 897 Hoc
805 837 896 897 etiam
911 853 1001 913 saper
1011 839 1065 896 eol.
1088 832 1363 916 Frequentissima

215 938 325 997 autem
341 938 392 996 est
408 932 494 1017 apud
510 933 699 998 Lucretium
715 932 856 999 formula
874 935 953 1018 qood
972 955 1062 1016 saper
1084 940 1128 998 esi
1143 933 1191 998 ita
1204 933 1363 1026 adhibita,

216 1041 254 1109 ut
263 1035 304 1100 ad
313 1041 419 1099 totam
428 1057 496 1099 rem
507 1035 575 1098 sive
586 1035 783 1099 sententiam
794 1043 934 1118 spectet,
952 1058 1033 1119 quae
1050 1036 1156 1101 adhue
1173 1037 1366 1123 expliuanda

216 1145 279 1203 est.
305 1137 560 1221 Nonnumquam
577 1160 614 1202 ea
629 1137 783 1202 inseritur
799 1138 949 1217 orationi,
967 1140 1013 1203 sie
1029 1139 1078 1218 II,
1095 1142 1146 1204 39.
1163 1143 1239 1207 191.
1258 1140 1302 1219 V,
1314 1145 1363 1207 61.

216 1238 278 1317 VI,
302 1242 395 1317 1000,
425 1238 614 1322 plerumque
642 1245 753 1303 tamen
778 1238 871 1302 initio
897 1239 1053 1304 orationis
1077 1241 1227 1324 ponitur,
1259 1241 1364 1307 ethis

217 1340 348 1425 quidem
370 1341 468 1405 loeis:
504 1340 533 1418 l,
551 1345 605 1405 50:
628 1341 707 1424 qood
725 1363 814 1422 saper
834 1347 877 1402 eal
904 1380 934 1387 -
961 1347 1079 1407 adhibe.
1110 1342 1177 1422 III,
1199 1346 1276 1408 350.
1307 1344 1364 1423 IV,

219 1447 290 1510 195.
310 1446 382 1510 768.
401 1445 495 1507 1283.
527 1443 568 1520 V,
586 1445 638 1506 91.
657 1445 730 1506 261.
749 1445 821 1507 772.
841 1446 935 1508 1211.
968 1444 1029 1523 Vl,
1049 1448 1212 1521 219123.
1230 1449 1307 1513 906.

301 1545 503 1633 Praepositio
520 1544 606 1630 apud
616 1545 807 1611 Lueretium
823 1567 950 1630 semper
967 1547 1072 1610 looum
1090 1547 1255 1630 exprimit.
1285 1549 1366 1617 (lun

217 1648 361 1713 ablativo
385 1648 559 1711 coniuncta
578 1647 737 1733 reperitur
757 1647 838 1710 locis
859 1647 964 1711 hisee:
1002 1648 1043 1726 V,
1065 1653 1143 1713 951:
1167 1657 1272 1716 umida
1291 1676 1366 1732 5515,

216 1772 305 1833 saper
319 1750 414 1813 viridi
429 1755 578 1823 stillantia
596 1772 705 1817 55555.
739 1773 768 1812 v.
788 1752 886 1813 1205:
909 1771 998 1831 sopor
1012 1751 1170 1835 stellisque
1185 1752 1368 1817 micantibus

216 1861 339 1919 aethera
352 1860 451 1918 fixum.
483 1852 543 1932 VI,
561 1856 622 1919 515
639 1876 688 1937 sq.
711 1859 795 1938 quasi
817 1852 882 1933 lyei
903 1877 970 1917 cora
990 1875 1081 1934 saper
1095 1854 1197 1919 551155
1211 1860 1369 1922 tabesoens

216 1964 314 2024 multa
335 1964 491 2041 liquescat.
531 1980 562 2020 v.
589 1959 672 2021 1256
697 1979 769 2039 sqq.
795 1962 937 2021 exanimis
955 1958 1063 2038 pueris
1086 1979 1175 2038 55555
1198 1965 1368 2027 exanima

217 2072 376 2147 parentum
391 2085 515 2145 corpora
531 2086 590 2125 non
606 2084 769 2143 numquam
786 2084 886 2143 posses
902 2069 1042 2142 retroque
1058 2065 1158 2127 vidore
1172 2063 1323 2127 errolrs‘bas
1338 2072 1385 2126 st·

213 2163 354 2246 patribus
370 2173 456 2227 natos
472 2184 560 2243 saper
576 2167 663 2226 edere
678 2168 780 2226 vitam.
807 2161 890 2224 Cum
901 2162 1104 2227 accusativo:
1127 2163 1171 2251 V,
1183 2167 1261 2229 271:
1279 2187 1368 2247 saper

217 2271 406 2331 1555511511.
440 2264 499 2342 Vl,
517 2265 577 2329 637
594 2270 665 2329 inde
680 2285 769 2346 uesper
785 2272 882 2327 terroe
897 2272 985 2330 redit.
1012 2267 1054 2344 V,
1073 2270 1133 2333 501
1150 2273 1367 2350 liquidissimus

215 2375 320 2434 aether
339 2378 429 2451 atque
452 2371 618 2431 levissimus
639 2367 739 2429 515155
759 2389 848 2449 saper
869 2374 969 2433 influit
985 2391 1089 2433 ouras.
1122 2392 1154 2435 v.
1172 2373 1250 2460 9955
1270 2383 1368 2456 poste·

216 2479 276 2537 rius
291 2477 433 2536 tremulas
455 2490 544 2549 saper
559 2469 661 2531 ulcero
684 2475 762 2531 tetra
779 2480 917 2534 tenentes
933 2477 1046 2554 palmas
1062 2479 1216 2539 horriferis
1229 2481 1368 2541 aeoibant

216 2581 338 2641 vocibus
363 2581 482 2638 Oreum.
513 2573 616 2659 ulcero
643 2571 724 2636 Itali
749 2578 782 2634 et
806 2572 955 2657 impressi
976 2597 1034 2659 pro
1056 2576 1181 2638 5155551.
1216 2598 1248 2641 v.
1268 2578 1366 2642 1227ι

217 2701 307 2761 super
322 2697 453 2762 aequora
469 2681 569 2740 verrit.
601 2675 662 2752 VI,
680 2677 757 2738 186:
776 2683 919 2741 extr-uotis
936 2683 1001 2741 aliis
1018 2677 1098 2762 alias
1113 2699 1228 2758 super..

303 2779 410 2844 Salter
434 2777 623 2842 adverbium
649 2784 700 2842 est
724 2777 805 2841 15515
829 2777 931 2843 hisee.
964 2778 992 2858 I,
1014 2783 1074 2844 812
1097 2780 1198 2845 subter
1215 2791 1367 2848 tenuatur.

217 2884 266 2962 II,
284 2885 381 2948 1049:
405 2890 436 2944 et
455 2885 548 2944 latere
569 2904 603 2943 ex
626 2888 753 2962 utroque
768 2900 861 2961 saqsra
876 2886 1037 2964 supterque
1053 2907 1208 2965 peremne
1224 2889 1310 2953 55115
1324 2894 1369 2959 est

220 2991 297 3065 finis,
318 2984 407 3067 adq.
425 2983 448 3046 1.
471 2981 600 3047 confert
615 2981 845 3051 Laohrnannus
862 2981 884 3046 l.
903 2982 963 3060 VI,
982 2986 1059 3047 537:
1082 2972 1115 3049 et
1134 2991 1165 3051 in
1186 2992 1292 3068 primis
1312 2995 1369 3060 ter·

218 3116 281 3154 ram
297 3095 343 3152 fao
359 3097 394 3151 ut
410 3111 472 3150 esse
487 3092 577 3150 rearis
593 3091 696 3166 repre
711 3091 784 3150 item
800 3093 1368 3172 51555555555155155551555515555

218 3197 377 3278 speluncis.
409 3187 609 3275 (Quadratus
633 3188 749 3271 subter)
772 3195 806 3252 et
825 3188 868 3267 V,
891 3193 968 3255 512:
995 3195 1071 3256 Inde
1095 3197 1187 3256 alium
1211 3214 1305 3273 supro
1334 3230 1364 3239 -

219 3301 388 3361 eutalium
412 3298 526 3374 supter.
554 3330 584 3338 -
625 3290 685 3368 IV,
709 3292 760 3353 78.
787 3315 816 3353 v.
840 3293 900 3355 117
927 3298 1049 3359 subdita
1072 3299 1185 3374 sopior.
1224 3294 1267 3372 V,
1291 3296 1366 3361 268:

219 3404 322 3480 supter
341 3422 394 3481 per
412 3405 515 3461 terras.
546 3416 577 3457 v.
596 3396 656 3456 536
677 3403 781 3478 supter
802 3399 919 3459 habere.
957 3395 1010 3459 Sia
1031 3395 1167 3461 Lachm.
1189 3418 1247 3480 pro
1267 3419 1366 3480 saper.

220 3498 382 3564 Marullus
397 3496 508 3561 556155.
539 3519 570 3559 v.
590 3498 683 3561 1361.
710 3495 771 3574 VI,
790 3499 850 3561 515
865 3503 978 3563 subter.
1003 3521 1034 3562 v.
1053 3500 1129 3567 857:
1148 3504 1200 3582 qui
1216 3511 1311 3583 queat
1324 3505 1369 3575 hie

220 3609 323 3684 supter
344 3613 407 3665 tam
430 3625 526 3683 crasso
546 3624 668 3683 oorpore
688 3609 798 3665 terram
819 3625 1034 3684 perquoquere.
1066 3600 1119 3664 sio
1135 3601 1298 3665 Marullus
1314 3623 1369 3686 pro

220 3726 320 3786 saper.
352 3726 383 3766 v.
401 3706 464 3767 911
482 3711 594 3785 supter.
626 3700 830 3786 Praepositio
847 3723 919 3765 oum
936 3703 1002 3767 abl.
1022 3702 1196 3769 ooniunota
1211 3705 1371 3788 reperitur

223 3807 265 3886 V,
284 3809 366 3870 1321
382 3828 430 3890 sq.
455 3817 486 3871 et
506 3813 601 3873 latera
620 3831 654 3870 ao
673 3816 794 3871 ventres
815 3811 976 3873 hauribant
990 3811 1095 3888 supter
1111 3831 1257 3893 equorum
1271 3807 1370 3871 corai-

180 3932 186 3940 ·
222 3912 286 3988 baa,
312 3931 385 3973 aum
409 3931 477 3974 aou.
503 3909 532 3988 I,
551 3914 584 3973 2:
611 3908 806 3974 5551155015
829 3907 964 3972 labentia
985 3907 1073 3988 sipara
1094 3933 1169 3992 quae
1188 3934 1269 3975 mare
1291 3916 1371 3979 navi·

221 4039 326 4096 355551
351 4051 382 4060 -
408 4018 606 4078 concelebras.
638 4010 700 4088 VI,
718 4012 778 4074 697
801 4017 979 4094 perveniunt
995 4010 1228 4096 ascblersuaoer.
1261 4035 1293 4075 v.
1312 4015 1370 4077 785

223 4122 315 4203 siquis
332 4138 382 4180 eos
396 4123 499 4201 supter
515 4123 579 4185 ete.
612 4138 643 4177 v.
662 4116 721 4178 851
739 4123 843 4197 supter
856 4123 959 4179 terras.
