2874 4934
314 399 585 444 rusurosmonns
610 400 677 445 555
700 402 773 445 555.
797 402 835 444 ns
858 402 931 445 acc.
1161 387 1199 447 91

52 573 202 633 sollertius
223 580 269 633 est
289 574 388 632 multo
407 594 502 650 genus
518 595 606 633 omne
622 576 716 634 virile.
747 570 809 647 VI,
828 573 904 634 113:
930 577 962 634 id
982 597 1100 655 quoque
1121 579 1201 636 enim

51 696 147 754 genus
165 671 200 733 15
220 673 338 735 tonitru
359 697 537 754 cognoscere
553 679 656 755 possis.
682 695 714 736 v.
732 675 794 737 394
808 679 942 738 volvitur
955 674 989 736 15
996 675 1141 759 flammis.
1167 697 1199 738 v.

51 775 128 838 437:
156 780 302 840 fervorem
323 781 535 839 -concinnat
559 776 592 837 a‘n
617 776 718 838 endis.
745 798 777 839 v.
794 779 856 840 450
874 782 1038 858 prospecta
1061 778 1203 842 marisia

51 898 170 957 meque.
193 901 225 940 v.
244 881 305 942 539
328 878 361 940 ie
377 878 492 958 premio
513 903 625 960 gerere.
648 901 680 942 v.
700 880 758 943 701
776 878 809 940 in
824 901 934 941 summo
949 890 1021 944 sunt
1035 879 1148 943 vertice
1167 917 1198 928 -

52 989 190 1044 crateres.
207 1003 239 1043 u.
259 982 318 1046 749
335 992 381 1046 est
396 992 432 1044 ut
447 981 612 1044 Athenaeis
627 981 660 1043 c'a
675 982 839 1055 meconites,
862 988 936 1046 areis
952 981 985 1044 15
1000 982 1065 1063 ipso
1080 983 1200 1046 vertice.

49 1105 81 1146 v.
106 1084 168 1148 785
189 1089 283 1148 iacuit
302 1094 469 1167 prostratus
489 1083 522 1145 15
542 1083 651 1147 herbis.
679 1107 710 1147 v.
730 1087 789 1148 840
806 1091 961 1168 inputeis.
978 1108 1010 1148 v.
1028 1087 1104 1149 89οε
1122 1091 1203 1168 quod

48 1211 148 1270 genus
163 1186 239 1249 endo
253 1187 363 1250 marist
376 1192 470 1250 Aradi
485 1193 561 1252 fons.
607 1187 660 1250 Sic
678 1187 817 1251 lacobus
833 1186 1032 1272 Bernaysius
1049 1187 1203 1251 55115511-

52 1311 196 1365 mannus
211 1311 268 1372 pro
286 1294 363 1352 endo
378 1296 467 1353 maris
482 1297 659 1374 paratione.
681 1314 712 1354 v.
730 1293 809 1354 905:
825 1297 883 1354 hoc
897 1296 992 1373 igitur
1005 1289 1071 1354 fieri
1085 1316 1204 1375 quoque

49 1391 81 1454 15
92 1391 254 1477 illefoete
268 1396 476 1475 putandumst.
495 1417 525 1456 v.
539 1396 615 1457 909:
632 1401 811 1477 Magnetum
827 1399 897 1476 quia
910 1400 946 1457 fit
954 1393 1072 1474 patriis
1086 1394 1120 1456 15
1125 1394 1203 1480 fini-

49 1495 105 1559 bue
125 1505 207 1560 ortu.
227 1517 259 1557 5.
277 1496 338 1560 937
360 1494 393 1557 ie
407 1496 507 1576 551555
528 1533 559 1544 -
581 1497 712 1560 55555155
733 1503 835 1560 claret.
856 1518 887 1559 v.
906 1499 1005 1561 1016:
1029 1502 1125 1561 denec
1139 1523 1204 1581 per-

46 1603 135 1664 venit
157 1603 196 1661 56
216 1604 316 1680 ipsum
334 1605 393 1663 iam
413 1604 545 1682 lapidem
565 1606 719 1683 caecisque
739 1600 773 1662 a'a
788 1621 820 1661 eo
837 1606 1031 1683 compagibus
1046 1606 1152 1664 haesit.
1169 1623 1202 1663 v.

48 1703 152 1767 1089:
175 1706 258 1784 quod
272 1707 367 1783 magis
382 1701 416 1763 a'e
432 1701 535 1782 lapide
549 1708 607 1766 hoc
621 1703 841 1788 ficriserroque
857 1708 985 1766 videtur.
1001 1725 1034 1765 v.
1052 1705 1134 1768 1037
1151 1709 1203 1786 qui

46 1803 81 1868 15
92 1803 223 1890 ferrost
246 1809 366 1868 abditus
390 1813 449 1869 555.
474 1827 505 1867 v.
525 1808 607 1869 1059
631 1812 732 1870 omnia
746 1808 844 1889 'plena
864 1812 982 1869 invenit
1000 1805 1035 1868 ie
1047 1807 1151 1891 serre.
1169 1828 1201 1869 v.

50 1908 133 1973 1045
157 1927 207 1988 sq.
232 1911 315 1971 intus
339 1906 667 1989 5155151555551115.
698 1932 730 1971 v.
754 1911 836 1972 1139
851 1907 971 1994 finibus
994 1908 1028 1970 15
1052 1914 1200 1991 Cecropis.

52 2006 187 2075 nestra
202 2007 382 2073 Lambinus
401 2016 522 2075 Finibu'
543 2016 702 2094 Cecropiis.
723 2034 754 2074 v.
773 2014 856 2076 1116
872 2033 921 2094 sq.
943 2017 975 2074 in
989 2016 1117 2075 Achaeis
1138 2016 1203 2075 fini·

56 2117 168 2179 bru-v.
189 2113 271 2176 1157
292 2118 348 2176 leti
366 2118 426 2176 iam
445 2113 550 2176 limiae
572 2114 701 2194 151555.
726 2136 758 2177 v.
777 2117 859 2178 1978
880 2139 935 2179 555
954 2139 1018 2185 mos
1032 2118 1085 2178 ille
1105 2119 1203 2197 scpul-

54 2225 136 2283 15555
150 2220 327 2280 remanebat
343 2216 376 2278 ie
391 2216 475 2279 erbe.

133 2319 170 2402 b)
200 2317 384 2402 Separatim
408 2340 624 2382 commemoro
649 2319 783 2383 nomina
806 2319 977 2404 regionum
1002 2326 1036 2383 et
1059 2319 1201 2382 urbium.

51 2421 97 2501 H,
122 2425 189 2489 634
217 2427 250 2485 15
274 2427 372 2485 Creta.
411 2421 473 2500 VI,
500 2424 576 2485 585:
608 2421 640 2484 ta
666 2422 756 2507 Syrie
781 2422 893 2485 Sidone
920 2429 1002 2506 quod
1025 2428 1144 2487 accidit.
1168 2446 1201 2486 v.

55 2528 128 2591 586:
161 2531 195 2589 in
224 2530 440 2608 Peloponneso.
480 2548 512 2587 v.
531 2526 599 2588 756
633 2531 665 2589 15
695 2532 789 2610 Syria.
828 2549 858 2588 v.
886 2528 968 2590 1107
999 2536 1030 2591 et
1060 2530 1141 2609 quod
1169 2525 1202 2589 55

10 2678 13 2723 i
55 2629 187 2714 Aegypto
208 2637 261 2691 est.
291 2649 323 2690 v.
341 2630 424 2692 1115
445 2634 582 2711 gignitur
597 2631 730 2713 Aegypto
746 2628 904 2691 15555555.
925 2652 957 2691 v.
975 2631 1057 2694 1108
1073 2627 1200 2711 quodie

57 2729 152 2795 Ponto
169 2740 224 2795 est.
1090 2720 1096 2729 ⁵

135 2835 167 2918 o)
190 2831 322 2903 Dicitur
343 2832 383 2896 de
402 2833 616 2898 multitudine
636 2841 670 2898 et
691 2835 799 2919 copia,
822 2834 913 2897 cuius
934 2834 1057 2918 aliquid
1077 2841 1202 2917 partem

61 2936 168 3003 elficit
209 2935 238 3014 I,
259 2939 339 3001 446:
370 2942 454 3001 nulla
481 2947 582 3021 potest
604 2964 704 3003 rerum
727 2937 761 3000 15
784 2959 905 3002 numere
933 2947 1040 3002 natura
1063 2943 1202 3020 relinqui.

63 3060 87 3104 r.
98 3043 173 3104 691:
192 3065 290 3123 neque
299 3046 413 3104 nullam
422 3065 594 3106 remveram
608 3041 643 3104 15
657 3062 778 3106 arentem
793 3065 893 3106 rerum
909 3050 1053 3104 constare.
1070 3039 1111 3118 V,
1124 3041 1201 3103 123:

64 3140 146 3227 isque
167 3148 260 3207 deum
277 3164 399 3206 numero
421 3169 497 3228 quae
517 3151 579 3209 sint
598 3151 725 3228 indigna
744 3150 849 3210 videri.
871 3166 903 3207 v.
922 3146 997 3208 180:
1019 3169 1075 3208 nee
1095 3148 1155 3206 fuit
1170 3142 1204 3205 15

67 3265 186 3313 camec.
219 3245 268 3324 11,
285 3248 364 3311 447:
387 3247 421 3310 15
435 3270 492 3332 que
507 3254 567 3312 iam
578 3270 688 3329 555555
703 3249 736 3313 15
746 3247 858 3330 primis
873 3253 1065 3312 adamantina
1080 3271 1149 3312 saxa
1167 3282 1197 3292 -

68 3359 204 3422 55555551.
222 3371 256 3412 v.
268 3351 329 3414 535
345 3356 443 3414 multa
458 3356 529 3415 licet
540 3373 650 3433 955555
665 3377 728 3416 esse
743 3351 777 3414 15
793 3373 836 3414 eo.
854 3374 886 3414 v.
899 3353 975 3416 536ι
992 3357 1071 3415 sieut
1086 3353 1204 3433 quadri-

68 3457 165 3534 petum
185 3478 256 3519 cum
274 3459 378 3537 primis
399 3479 462 3518 esse
482 3460 617 3520 videmus
633 3456 667 3518 ia
681 3477 791 3537 genere
805 3462 1003 3538 anguimanus
1018 3460 1203 3537 elephantos.

68 3573 92 3616 v.
105 3558 183 3622 567:
206 3581 270 3621 ease
284 3561 379 3638 igitur
388 3578 500 3639 955555
514 3559 548 3621 ie
563 3559 666 3642 555515
682 3564 845 3643 primordia
863 3584 962 3623 rerum
981 3596 1014 3605 —
1034 3563 1133 3642 palam
1148 3565 1203 3620 est.

68 3662 92 3720 ’5.
106 3661 165 3727 666
181 3680 249 3741 sq.:
275 3669 438 3738 temneat,
463 3661 495 3723 ie
511 3662 615 3745 555515
631 3683 741 3742 genere
755 3669 879 3730 herbae.
900 3666 1036 3726 materiai
1052 3664 1205 3724 dissimilis

69 3768 140 3829 aeto.
157 3784 189 3827 v.
208 3765 285 3827 821:
303 3769 335 3827 in
349 3789 458 3845 genere
474 3772 565 3828 omni.
584 3765 646 3843 IV,
664 3768 741 3828 185:
758 3765 792 3827 15
807 3788 864 3849 qao
879 3772 1058 3844 1555955555
1073 3773 1119 3828 est
1133 3768 1204 3826 solis

69 3866 116 3931 lux.
143 3888 176 3930 v.
194 3868 256 3930 510
281 3891 356 3949 quae
380 3873 442 3931 sint
465 3868 628 3948 15555555
646 3869 700 3930 laec
720 3875 871 3950 fugienda.
892 3890 923 3929 v.
943 3869 1013 3931 707.
1041 3865 1102 3945 Vl,
1121 3868 1202 3931 1061

70 3969 157 4050 lignea
174 3975 314 4034 materies
335 3970 368 4032 15
387 3993 443 4054 quo
459 3992 569 4051 555555
589 3997 652 4036 esse
671 3979 799 4037 videtur.
831 3971 877 4049 II,
896 3972 989 4035 1080.
1011 3969 1204 4048 11129615

70 4076 168 4150 primis.
184 4071 247 4150 IV,
260 4075 332 4137 111.
353 4076 424 4137 147.
443 4077 515 4138 151.
535 4077 606 4138 909.
627 4076 698 4139 779.
717 4078 789 4139 855.
808 4074 850 4152 V,
868 4076 919 4137 59.
938 4076 1031 4137 1413.
1050 4072 1111 4151 Vl,
1129 4074 1202 4136 536.

72 4171 151 4240 1137.
172 4174 240 4254 III,
258 4179 337 4240 206:
359 4203 434 4260 quae
454 4203 500 4242 ree
526 4216 555 4226 —
580 4178 614 4240 55
633 4178 737 4241 meltis
762 4215 794 4224 -
814 4177 901 4240 rebec
921 4183 1006 4241 utilis
1023 4181 1203 4241 invenietur.

73 4270 121 4355 11,
136 4281 196 4343 564
216 4285 249 4342 15
269 4285 389 4363 555515.
422 4280 483 4357 VI,
503 4284 583 4344 1247
605 4282 698 4363 teque
718 4280 897 4344 altisonum
919 4287 1063 4363 populum
1079 4284 1203 4362 sepelire

76 4398 176 4445 suorum
194 4392 351 4446 certantes.
