2874 4934
247 392 309 451 166
493 407 534 449 un
558 406 678 450 sruuue.
705 406 742 449 nr
764 406 964 449 alarionem.
998 407 1070 450 cnr.
1088 407 1158 450 xiv.

246 587 372 661 possunt
393 586 462 659 post
483 588 610 639 mortem
634 582 730 639 eiecta
750 581 862 638 moveri
888 575 946 658 (sic
968 576 1132 658 oblongus
1153 576 1259 659 prima
1281 580 1396 660 manu).

245 702 277 746 v..
290 682 366 743 633:
387 679 484 741 llaec
497 685 593 759 igitur
608 704 661 761 per
676 705 706 741 se
723 687 850 761 possunt
865 685 976 741 sentire
993 704 1090 761 neque
1105 705 1168 742 esse
1179 681 1238 762 (sc.
1251 678 1396 761 animae).

244 805 275 844 v.
295 784 370 845 715:
395 787 476 864 quod
492 787 517 844 si
533 787 688 845 lincuntur
704 791 735 844 et
750 789 865 859 insunt,
887 781 962 843 daut
984 787 1042 844 erit
1057 790 1092 844 ut
1107 788 1217 845 merito
1232 788 1398 846 inmortalis

243 891 339 968 possit
362 889 476 947 baberi.
512 886 555 967 (v.
578 883 688 946 Hand.
711 884 850 946 Tursell.
875 882 941 960 ΙΙΙ,
965 907 997 965 p.
1021 886 1060 945 79
1082 884 1157 967 sq.).
1190 906 1221 946 v.
1242 886 1305 949 737
1330 886 1399 946 horit

243 994 337 1070 igitur
358 993 474 1050 faciunt
494 993 609 1049 animae
631 992 688 1049 sibi
711 1012 835 1069 corpora
856 996 887 1049 et
908 995 1000 1049 artus.
1031 1008 1063 1047 V.
1082 988 1143 1048 849
1164 992 1247 1049 haud
1270 1026 1301 1033 -
1322 994 1399 1070 quic·

243 1115 342 1172 quam.
379 1113 411 1152 v.
438 1090 533 1152 1057.
570 1088 630 1166 IV,
657 1092 736 1152 482:
763 1090 847 1150 laad
870 1096 965 1170 igitur
988 1098 1114 1171 potuere
1138 1095 1246 1152 utendi
1274 1115 1400 1153 crescere

243 1218 339 1255 causa.
378 1191 420 1268 V,
445 1192 517 1253 779.
545 1192 621 1254 373;
648 1193 724 1253 laur
747 1198 843 1273 igitur
866 1197 921 1255 leti
946 1197 1100 1274 praeclusa
1124 1201 1170 1254 est
1194 1198 1287 1255 ianua
1311 1199 1399 1256 caelo.

240 1318 272 1357 v.
291 1297 369 1357 533:
396 1299 566 1376 praecipere
591 1295 666 1355 durat
690 1304 870 1376 quaquamst
895 1302 959 1356 etc.
999 1316 1028 1355 v.
1053 1298 1115 1357 844
1139 1294 1215 1355 aaut
1240 1320 1399 1378 quaquam.

240 1420 272 1459 v.
291 1399 372 1459 1189
389 1397 464 1457 datad
480 1422 670 1478 quemquam.
702 1395 762 1472 VI,
781 1399 842 1458 489
862 1397 938 1457 davit
953 1402 1049 1478 igitur
1063 1403 1212 1460 mirumst.

325 1498 407 1570 Nec,
437 1519 542 1582 aeque.
576 1500 605 1580 a)
629 1499 693 1560 Nec
717 1498 876 1581 gravioris
902 1498 1088 1581 negationis
1114 1505 1165 1560 est
1189 1499 1398 1577 vocabulum,

241 1623 313 1663 cum
335 1600 449 1663 maiori
470 1599 501 1662 vi
522 1623 580 1683 pro
601 1623 661 1663 aaa
682 1601 824 1684 positum
847 1603 889 1684 (v.
913 1601 1022 1664 Hand.
1045 1601 1186 1664 Tursell.
1204 1600 1268 1680 IV,
1286 1625 1319 1685 p.
1337 1605 1397 1685 96).

239 1704 307 1782 ΙΙΙ,
325 1707 386 1767 959
411 1729 466 1767 nec
490 1710 629 1786 opinanti
654 1711 687 1766 61
710 1703 750 1781 V,
772 1706 854 1767 1379
873 1710 906 1765 61
923 1703 982 1780 Vl,
1000 1708 1062 1767 498
1087 1710 1328 1787 necopinantis.
1359 1705 1397 1782 V,

241 1809 300 1871 777
318 1812 429 1868 autem
446 1813 498 1868 est
513 1832 610 1888 neque
627 1813 789 1890 opinantis,
1199 1870 1202 1876 ,

325 1909 356 1991 b)
380 1909 444 1971 Nec
460 1915 493 1971 et
509 1930 602 1992 cepae
612 1908 792 1992 particulae
804 1909 989 1991 adiungunt
999 1909 1187 1991 negativam
1199 1910 1397 1975 sententiam

238 2011 395 2095 superiori
413 2010 481 2073 sive
499 2010 721 2073 enunciationi
738 2010 805 2074 sive
822 2011 908 2095 parti
925 2011 1175 2090 enunciationis,
1193 2012 1243 2075 ita
1252 2020 1292 2075 ut
1302 2036 1395 2097 copu-

237 2114 327 2177 landi
343 2114 506 2198 particula
521 2113 554 2175 in
570 2113 610 2176 iis
626 2113 706 2175 insit
723 2121 757 2175 et
773 2113 925 2176 dicantur
940 2137 997 2198 pro
1021 2121 1049 2176 et
1068 2137 1138 2177 raca.
1172 2116 1237 2178 Sed
1254 2139 1322 2179 non
1338 2139 1395 2178 una

239 2223 374 2280 tantum
397 2216 563 2279 sententia
584 2215 739 2298 negativa
760 2216 806 2278 sic
827 2216 926 2300 priori
947 2217 1162 2280 affirmativae
1184 2217 1262 2281 addi
1277 2225 1394 2302 potest,

239 2320 298 2382 sed
314 2320 425 2403 plures
443 2319 628 2382 continuari
642 2326 783 2403 possunt
798 2341 856 2403 per
871 2341 925 2381 aec
941 2327 975 2381 et
991 2342 1096 2404 cepae.
1128 2321 1156 2398 I,
1176 2324 1214 2384 71
1233 2345 1307 2405 sqq.
1326 2347 1393 2406 quae

239 2428 382 2505 quoniam
403 2459 434 2468 -
455 2428 615 2503 gubernas,
640 2444 694 2484 ccc
718 2429 781 2486 sine
806 2433 837 2486 te
862 2429 1023 2506 quicquam
1049 2429 1112 2486 dias
1137 2430 1168 2486 in
1189 2430 1314 2488 luminis
1337 2450 1392 2488 oras

240 2531 372 2589 exoritur
389 2546 484 2609 aeque
498 2533 533 2588 fit
549 2532 663 2588 laetum
685 2547 780 2609 acque
796 2532 923 2589 amabile
940 2531 1110 2608 quicquam.
1142 2525 1185 2588 H.
1204 2527 1227 2588 l.
1246 2527 1390 2590 ultimum

239 2649 333 2712 cepae
349 2650 415 2691 non
432 2635 483 2690 est
499 2630 527 2693 ἐκ
536 2631 714 2713 παραλλήλου
728 2627 870 2710 positum
881 2628 1082 2711 praegressis
1099 2650 1153 2690 nec
1169 2635 1203 2691 et
1218 2651 1325 2714 neque,
1342 2628 1389 2692 sed

239 2729 412 2813 coniungit
427 2738 555 2795 amabile
573 2753 646 2793 curn
663 2737 786 2794 laetum.
817 2754 849 2792 v.
868 2732 919 2792 93.
940 2733 1017 2793 136;
1041 2732 1105 2793 Nec
1125 2757 1173 2795 me
1194 2739 1289 2796 animi
1311 2739 1387 2797 fallit.

238 2856 270 2896 v.
289 2837 361 2897 165.
383 2836 453 2898 184.
474 2838 545 2897 194.
565 2837 642 2897 7162
666 2839 811 2896 dissolvat
830 2844 939 2896 natura
958 2854 1052 2917 nepae
1072 2839 1110 2896 ad
1125 2840 1223 2898 nilum
1238 2842 1388 2900 interemat

239 2963 294 3000 res.
325 2960 357 2999 v.
377 2939 452 3001 270:
480 2963 555 3021 quae
581 2925 713 3020 corpora
727 2946 795 2999 tute
820 2947 969 3000 necessest
994 2943 1153 3000 confiteare
1176 2962 1240 3002 esse
1260 2945 1293 3003 in
1312 2944 1387 3003 rebus

239 3061 293 3101 nec
317 3066 403 3122 posse
428 3047 533 3104 videri.
565 3063 596 3102 v.
616 3042 693 3102 263:
723 3061 775 3100 aec
799 3040 895 3100 allam
919 3064 982 3102 rem
1003 3045 1088 3120 gigni
1111 3047 1237 3123 patitur.
1269 3065 1301 3104 v.
1320 3044 1385 3105 280:

239 3164 293 3204 aec
313 3149 430 3206 ratione
451 3151 551 3207 fluunt
572 3149 631 3207 alia
653 3148 733 3204 cett.
770 3165 802 3203 v.
826 3144 898 3204 785.
922 3143 996 3204 337.
1019 3144 1081 3205 394
1098 3164 1187 3225 sqq:
1212 3154 1245 3207 et
1265 3152 1387 3228 repletur

239 3251 313 3309 item
331 3271 457 3309 vacuum
477 3284 509 3292 -
529 3268 584 3308 ccc
606 3252 661 3309 tali
681 3251 798 3309 ratione
820 3254 922 3327 potest
944 3250 1094 3308 denserier
1114 3253 1173 3323 adr,
1198 3268 1266 3320 aec,
1292 3254 1316 3311 si
1340 3253 1387 3311 iam

240 3359 351 3433 posset,
372 3355 436 3411 sine
451 3354 533 3410 inani
550 3360 659 3430 posset.
693 3371 722 3410 v,
741 3350 814 3412 513.
834 3350 910 3410 5491
935 3369 988 3408 aec
1009 3353 1125 3412 ratione
1145 3359 1264 3431 queunt
1285 3355 1343 3414 alia
1361 3384 1384 3396 α

240 3477 286 3514 res
310 3476 456 3532 reparare.
487 3473 519 3513 v.
538 3454 610 3514 618.
636 3453 696 3514 699
722 3476 828 3533 neque.
862 3473 894 3511 v.
919 3453 998 3513 1913
1017 3473 1104 3533 sqq.:
1132 3458 1269 3535 simplice
1293 3461 1389 3517 natura

240 3563 345 3638 pateat
364 3591 395 3599 -
414 3575 469 3614 aec
484 3579 564 3617 mare
580 3575 634 3615 aec
648 3559 740 3617 tellus
756 3574 851 3637 cepae
867 3559 941 3616 caeli
957 3558 1058 3617 lucida
1073 3560 1189 3638 templa
1203 3576 1258 3617 aec
1273 3560 1388 3620 mortale

241 3683 336 3739 genus
360 3677 414 3717 aec
438 3662 540 3719 divum
567 3682 691 3739 corpora
714 3665 818 3719 sancta
839 3693 869 3702 -
890 3665 1017 3738 possunt
1037 3663 1122 3720 horai
1143 3664 1249 3722 sistere
1270 3668 1389 3742 tempus.
1431 3666 1433 3671 '

241 3784 273 3823 v.
293 3763 390 3822 1062:
414 3781 509 3843 nepae
529 3785 614 3842 posse
634 3785 649 3822 e
671 3765 758 3823 terris
780 3765 812 3822 in
834 3765 899 3822 loca
915 3764 989 3822 caeli
1004 3765 1153 3823 reccidere
1170 3766 1234 3823 616.
1268 3785 1299 3824 v.
1319 3761 1389 3826 1971

242 3883 337 3946 aeque
361 3869 492 3940 omnino,
518 3869 540 3926 si
562 3869 622 3925 iam
642 3868 776 3926 medium
797 3868 837 3925 sit
860 3867 940 3923 cett.
972 3884 1004 3924 v.
1031 3864 1123 3926 1977.
1149 3866 1244 3927 1697.
1276 3865 1324 3943 ΙΙ,
1343 3865 1389 3928 23:

242 3971 357 4047 gratius
381 3971 461 4029 inter
485 3971 558 4028 dum
583 3987 677 4049 nepae
701 3977 810 4029 natura
833 3970 898 4048 ipsa
918 3971 1054 4046 requirit,
1080 3964 1136 4027 ubi
1159 3988 1253 4050 neque
1272 3989 1340 4030 non
1359 3965 1391 4028 ab

242 4067 337 4131 initio
359 4067 532 4146 orationis,
561 4067 619 4130 sed
643 4075 720 4151 post
742 4067 901 4129 nonnulla
921 4066 1052 4129 demum
1075 4068 1236 4131 vocabula
1255 4070 1392 4153 posit-um

244 4178 306 4233 est.
343 4193 375 4233 v.
399 4173 453 4234 34:
480 4193 534 4232 aec
559 4176 672 4234 calidae
698 4178 786 4234 citius
812 4177 963 4234 decedunt
988 4197 1110 4256 corpore
1135 4177 1241 4236 febres.
1276 4196 1308 4236 v.
1327 4176 1390 4237 753.

243 4277 316 4337 359.
335 4276 408 4337 361.
427 4277 500 4337 849.
519 4278 592 4337 984.
624 4273 692 4352 ΙΙΙ,
710 4276 766 4337 73;
791 4280 892 4338 omnia
910 4281 1087 4358 suppeditat
1106 4301 1195 4358 porro
1215 4287 1334 4356 natura,
1349 4297 1392 4339 ae·

244 4399 299 4462 qne
322 4376 384 4440 ulla
400 4403 449 4482 pes
471 4383 563 4440 animi
580 4402 682 4460 pacem
699 4383 815 4440 delibat
830 4387 966 4460 tempore
981 4385 1013 4441 in
1029 4384 1101 4442 ullo.
1134 4401 1165 4439 v.
1184 4381 1224 4441 76
1241 4402 1295 4442 aec
1310 4387 1393 4444 tellus
