2874 4934
258 365 319 426 148
662 382 805 425 vannum.
840 382 911 425 333.
943 383 1002 426 xn.

256 549 480 626 Lactantium,
498 548 552 630 qui
569 549 619 611 his
636 549 783 612 versibus
794 549 898 612 utitur
907 549 986 611 inst.
1003 549 1395 634 ΙΙΙ,16,14331,333333.·

256 652 313 714 sed
330 652 554 734 Heusingerus
574 652 608 714 in
630 651 912 714 observationibus
935 652 968 715 in
988 652 1142 715 Gothano
1165 650 1282 715 codice
1297 654 1395 733 persia

256 761 368 817 extare
378 761 532 818 testatur.
559 755 704 831 1119713
723 781 782 838 qua
791 760 835 818 nil
845 766 891 818 est
900 761 1015 818 homini
1031 758 1110 838 quod
1124 756 1397 840 amariu’frondeal

256 883 330 920 3333.
363 857 415 920 sie
431 858 568 920 Lachm.
585 880 642 941 pro
659 883 718 940 qua
733 863 810 921 nihil
826 868 872 920 est
893 863 1008 921 homini
1029 863 1110 940 quod
1125 865 1236 922 marius
1252 865 1397 922 frondete

256 971 364 1024 exseet.
400 961 517 1042 Quippe
537 961 590 1023 311
610 968 724 1043 quater
744 960 904 1043 reperitur
923 961 1008 1044 apud
1030 960 1237 1038 Lucretium,
1261 961 1315 1024 bis·
1337 983 1396 1024 cum

255 1063 444 1140 indicativo,
463 1064 491 1140 I,
510 1066 587 1127 617:
611 1064 720 1147 quippe
741 1064 792 1124 311
807 1069 949 1126 dimidiae
964 1071 1058 1146 partis
1074 1089 1141 1146 pars
1156 1089 1277 1148 semper
1290 1064 1396 1126 1313111

256 1173 410 1230 dimidiam
435 1179 560 1250 partem.
599 1166 659 1244 IV,
684 1168 762 1241 4345
794 1166 893 1229 semel
923 1187 998 1228 cum
1024 1165 1152 1249 imperf.
1177 1167 1395 1244 conditionali,

257 1269 375 1346 1‚990:
394 1270 504 1353 quippe
519 1271 571 1331 311
585 1275 724 1350 materies
741 1276 836 1333 omnis
853 1275 1006 1332 cumulata
1020 1270 1145 1343 iaceret,
1163 1269 1266 1332 semel
1278 1276 1395 1332 tantum

257 1394 330 1435 eum
351 1393 426 1433 vero
448 1370 667 1448 coniunctim,
686 1372 728 1450 V,
747 1375 839 1449 1158,
865 1371 920 1454 qui
940 1372 1080 1434 fortasse
1100 1373 1302 1435 antecedens
1323 1373 1395 1434 13131

258 1496 388 1536 causam
405 1474 516 1537 habet.
1054 1546 1063 1561 ¹

344 1599 388 1638 m.
419 1577 635 1639 Conlocentur
644 1576 677 1638 in
693 1577 957 1640 333331311331133
966 1576 1168 1651 secundariis,
1185 1599 1264 1662 quae
1272 1579 1396 1659 pendeat

259 1701 294 1741 33
316 1679 453 1741 oratioue
475 1680 595 1763 obliqua
616 1681 666 1742 331
684 1679 757 1742 ullis
772 1681 1047 1753 333331311331133,
1064 1682 1267 1765 praecludent
1282 1681 1396 1743 conica·

256 1783 378 1844 etloum.
400 1783 428 1859 I,
441 1785 517 1844 626:
535 1790 632 1847 victus
642 1789 754 1847 fateare
764 1794 913 1847 necessest
923 1808 985 1847 esse
1001 1809 1036 1847 33
1050 1805 1126 1868 qaae
1140 1789 1233 1848 nullis
1248 1789 1309 1847 iam
1324 1807 1397 1866 prae·

258 1891 323 1949 dita
338 1891 474 1970 partibus
490 1892 592 1948 331331
608 1897 639 1949 et
648 1892 773 1949 minima
782 1891 917 1948 33331331
927 1897 1034 1950 natura
1044 1889 1189 1969 (constent
1198 1909 1257 1970 pro
1268 1890 1397 1949 33331331

254 1989 441 2071 Marullus).
478 1989 527 2066 Π,
551 1992 627 2051 226:
654 2014 713 2070 quo
738 1995 827 2052 citius
851 2000 967 2052 rectum
991 2015 1044 2072 per
1067 1996 1155 2053 inane
1168 1989 1324 2073 ferantur
1346 1987 1396 2072 (sic

254 2100 344 2154 recte
362 2091 534 2174 Briegerus
552 2090 637 2153 Phil.
656 2091 784 2169 XXIV,
802 2115 834 2175 p.
852 2094 914 2156 436
931 2113 1003 2154 cum
1021 2091 1092 2154 eod.
1110 2091 1327 2173 Victoriano).
1356 2091 1396 2168 H,

255 2196 332 2258 33⁷:
350 2200 403 2256 sed
418 2201 489 2276 quia
504 2220 564 2257 non
579 2200 669 2275 volgo
685 2201 768 2277 paria
782 2200 921 2259 omnibus
938 2201 1038 2258 omnia
1052 2200 1199 2258 33331331.
1224 2195 1283 2259 Ia:
1301 2192 1397 2273 „Itali

255 2303 405 2358 33331331.
441 2295 487 2357 313
512 2295 596 2358 infra
619 2319 650 2360 v.
678 2300 739 2360 694
764 2297 957 2379 quadratus,
984 2298 1146 2380 oblongus
1170 2304 1287 2360 constet
1310 2317 1397 2382 super

255 2398 419 2482 adscripto
431 2422 466 2460 a.
485 2399 541 2461 sed
552 2399 669 2461 cumin
685 2423 716 2462 v.
731 2402 791 2465 794
800 2400 876 2463 libri
886 2400 1094 2464 consentiant
1103 2399 1136 2463 in
1147 2399 1396 2477 coniunctim,

253 2503 339 2565 malo
350 2501 470 2584 ubique
481 2508 626 2579 33331331,
638 2503 830 2586 praesertim
840 2526 914 2566 cum
924 2503 1045 2586 ubique
1054 2503 1158 2597 crptio
1168 2504 1396 2567 aconiunctivo

253 2627 411 2689 suspensa
427 2605 510 2667 sit.“
533 2605 595 2684 IV,
613 2608 673 2669 195
690 2611 743 2670 ubi
763 2645 794 2652 -
815 2614 950 2670 ferantur
965 2606 1191 2670 coniunctivus
1208 2606 1242 2670 in
1257 2608 1396 2671 membro

253 2709 294 2771 31)
314 2707 572 2791 interrogatione
591 2709 767 2792 pendente,
789 2731 821 2771 v.
843 2710 992 2788 Lachm„
1015 2709 1070 2792 qui
1090 2709 1196 2773 addit:
1220 2708 1397 2788 „simillimi

254 2818 332 2873 sunt
352 2810 374 2872 ii
397 2811 597 2874 coniunctivi
618 2833 699 2893 quos
719 2813 877 2875 habemus
897 2813 932 2876 in
952 2812 1027 2875 libri
1043 2813 1098 2876 III
1117 2834 1214 2876 versu
1235 2816 1297 2878 507
1317 2821 1352 2876 et
1369 2804 1414 2875 in⁴

255 2913 317 2991 VI,
330 2917 430 2977 855.“
450 2913 510 2991 IV,
522 2918 601 2978 491:
619 2924 650 2978 et
664 2922 745 2997 quod
755 2923 845 2980 molle
855 2916 906 2978 311.
930 2917 990 2991 IV,
1003 2920 1063 2980 598
1073 2939 1080 2976 :
1092 2923 1287 3000 conloquium
1298 2923 1397 2980 clausis

253 3022 367 3080 foribus
391 3042 510 3099 quoque
533 3043 621 3101 saepe
645 3023 695 3082 ubi
722 3020 833 3082 demae.
872 3019 925 3082 sie
947 3019 1083 3082 Lachm.
1105 3042 1179 3103 pro:
1202 3020 1397 3104 Conloquium

254 3120 363 3182 eleusis
379 3125 492 3183 foribus
509 3146 628 3203 quoque
643 3146 730 3205 saepe
751 3129 896 3186 videmus.
927 3121 989 3199 IV,
1008 3125 1079 3185 681.
1099 3123 1140 3202 V,
1158 3126 1234 3187 293:
1258 3135 1397 3208 perpetuo

253 3223 287 3283 oi
303 3223 476 3313 suppeditet
491 3229 566 3287 lucis
583 3234 673 3306 caput
682 3231 790 3308 ipsum.
812 3226 854 3302 V,
872 3229 949 3289 518:
967 3232 1113 3289 estetiam
1124 3233 1398 3311 quoqueutipossit

255 3331 370 3388 caelum
387 3351 474 3388 omne
489 3351 608 3389 manere
623 3333 656 3390 in
671 3335 810 3407 statione,
826 3339 928 3393 tamen
944 3354 1012 3391 cum
1028 3334 1128 3392 lucide
1142 3335 1229 3411 signa
1238 3331 1396 3415 ferantur.

257 3427 445 3490 Quadratus
456 3428 619 3511 jerunt-ur.
651 3430 692 3507 V,
711 3435 787 3495 844:
810 3457 864 3495 nec
885 3439 980 3494 l'aoere
1000 3442 1035 3494 ut
1050 3443 1172 3514 possent
1187 3439 1348 3516 quicquam
1367 3469 1395 3479 -

256 3554 311 3593 nec
327 3555 442 3593 sumere
458 3537 539 3613 quod
546 3532 636 3616 foret
652 3560 730 3597 usus.
763 3535 816 3596 Sic
832 3534 968 3597 Lachm.
986 3556 1043 3616 pro
1058 3536 1150 3608 colel,
1168 3536 1254 3598 utin
1270 3537 1331 3614 IV,
1344 3538 1396 3599 831

258 3640 364 3710 facere,
380 3639 416 3695 ad
433 3639 526 3697 vitam
543 3659 618 3717 quae
634 3641 712 3699 l'oret
727 3663 806 3700 usus.
838 3637 880 3714 V,
900 3640 980 3701 1341
999 3660 1070 3719 sqq.

746 3899 816 3980 Cap.
840 3901 911 3960 XII.

504 4081 558 4146 De
582 4079 753 4146 numeris
773 4092 811 4148 et
832 4082 1013 4170 personis
1035 4083 1156 4150 verbi.

345 4258 374 4317 1.
400 4253 526 4316 Numeri
541 4256 633 4317 verbi.
661 4255 835 4337 diapsalmis
850 4257 940 4319 verbi
957 4280 1052 4342 saepe
1068 4258 1200 4342 ponitur
1211 4257 1401 4334 aLuoretio,

260 4355 288 4418 si
310 4357 349 4419 ad
370 4358 537 4442 complura
558 4358 706 4421 subiecta
725 4360 868 4441 pertinet
886 4361 1120 4444 praedicatum,
1142 4361 1212 4425 sive
1226 4346 1286 4425 illa
1301 4360 1403 4426 omnia
