<?xml version="1.0" encoding="UTF-8"?>
<!DOCTYPE html PUBLIC "-//W3C//DTD XHTML 1.0 Transitional//EN"
    "http://www.w3.org/TR/xhtml1/DTD/xhtml1-transitional.dtd">
<html xmlns="http://www.w3.org/1999/xhtml" xml:lang="en" lang="en">
 <head>
  <title>
</title>
<meta http-equiv="Content-Type" content="text/html;charset=utf-8" />
  <meta name='ocr-system' content='tesseract 3.04.00' />
  <meta name='ocr-capabilities' content='ocr_page ocr_carea ocr_par ocr_line ocrx_word'/>
</head>
<body>
  <div class='ocr_page' id='page_1' title='image "./syntaxislucreti00holtgoog_0045.png"; bbox 0 0 2916 4934; ppageno 0'>
   <div class='ocr_carea' id='block_1_1' title="bbox 447 376 1312 446">
    <p class='ocr_par' dir='ltr' id='par_1_1' title="bbox 447 376 1312 446">
     <span class='ocr_line' id='line_1_1' title="bbox 447 376 1312 446; baseline 0.006 -5"><span class='ocrx_word' id='word_1_1' title='bbox 447 397 547 442; x_wconf 83' lang='lat' dir='ltr'><strong>ossus</strong></span> <span class='ocrx_word' id='word_1_2' title='bbox 568 394 877 444; x_wconf 78' lang='lat' dir='ltr'><strong>scasrsurrvoamr.</strong></span> <span class='ocrx_word' id='word_1_3' title='bbox 902 400 1016 444; x_wconf 76' lang='lat' dir='ltr'><strong>asnar.</strong></span> <span class='ocrx_word' id='word_1_4' title='bbox 1271 376 1312 446; x_wconf 79' lang='grc'><strong>38</strong></span> 
     </span>
    </p>
   </div>
   <div class='ocr_carea' id='block_1_2' title="bbox 111 545 1316 3781">
    <p class='ocr_par' dir='ltr' id='par_1_2' title="bbox 149 545 1316 2061">
     <span class='ocr_line' id='line_1_2' title="bbox 149 545 1311 652; baseline 0.003 -23"><span class='ocrx_word' id='word_1_5' title='bbox 149 588 178 628; x_wconf 84' lang='lat' dir='ltr'><strong>v.</strong></span> <span class='ocrx_word' id='word_1_6' title='bbox 200 569 266 630; x_wconf 76' lang='lat'><strong>640</strong></span> <span class='ocrx_word' id='word_1_7' title='bbox 294 572 394 630; x_wconf 84' lang='lat' dir='ltr'><strong>clarus</strong></span> <span class='ocrx_word' id='word_1_8' title='bbox 417 603 450 612; x_wconf 94' lang='lat'>-</span> <span class='ocrx_word' id='word_1_9' title='bbox 474 545 573 648; x_wconf 68' lang='lat' dir='ltr'><strong>magis</strong></span> <span class='ocrx_word' id='word_1_10' title='bbox 597 572 679 631; x_wconf 88' lang='lat' dir='ltr'><strong>inter</strong></span> <span class='ocrx_word' id='word_1_11' title='bbox 702 573 800 630; x_wconf 87' lang='lat' dir='ltr'><strong>inanis</strong></span> <span class='ocrx_word' id='word_1_12' title='bbox 825 568 952 652; x_wconf 79' lang='lat' dir='ltr'><strong>quamde</strong></span> <span class='ocrx_word' id='word_1_13' title='bbox 974 573 1073 650; x_wconf 82' lang='lat' dir='ltr'><strong>gravis</strong></span> <span class='ocrx_word' id='word_1_14' title='bbox 1093 574 1175 633; x_wconf 85' lang='lat' dir='ltr'><strong>inter</strong></span> <span class='ocrx_word' id='word_1_15' title='bbox 1196 575 1311 633; x_wconf 81' lang='lat' dir='ltr'><strong>Graios.</strong></span> 
     </span>
     <span class='ocr_line' id='line_1_3' title="bbox 149 668 1313 755; baseline 0.003 -24"><span class='ocrx_word' id='word_1_16' title='bbox 149 691 179 731; x_wconf 83' lang='lat' dir='ltr'><strong>v.</strong></span> <span class='ocrx_word' id='word_1_17' title='bbox 197 672 285 734; x_wconf 84' lang='lat'>1063</span> <span class='ocrx_word' id='word_1_18' title='bbox 302 675 399 752; x_wconf 83' lang='lat' dir='ltr'><strong>magis</strong></span> <span class='ocrx_word' id='word_1_19' title='bbox 415 692 514 751; x_wconf 88' lang='lat' dir='ltr'><strong>quam.</strong></span> <span class='ocrx_word' id='word_1_20' title='bbox 546 668 594 746; x_wconf 90' lang='lat' dir='ltr'><strong>II,</strong></span> <span class='ocrx_word' id='word_1_21' title='bbox 612 671 689 732; x_wconf 84' lang='lat'>890:</span> <span class='ocrx_word' id='word_1_22' title='bbox 710 675 828 733; x_wconf 86' lang='lat' dir='ltr'><strong>minora</strong></span> <span class='ocrx_word' id='word_1_23' title='bbox 848 710 879 717; x_wconf 98' lang='lat'><strong>—</strong></span> <span class='ocrx_word' id='word_1_24' title='bbox 900 696 999 754; x_wconf 88' lang='lat' dir='ltr'><strong>quam.</strong></span> <span class='ocrx_word' id='word_1_25' title='bbox 1032 674 1313 755; x_wconf 74' lang='lat' dir='ltr'><strong>v.1127:etplus</strong></span> 
     </span>
     <span class='ocr_line' id='line_1_4' title="bbox 151 772 1313 858; baseline 0.001 -24"><span class='ocrx_word' id='word_1_26' title='bbox 151 776 293 855; x_wconf 76' lang='lat' dir='ltr'>dispendi</span> <span class='ocrx_word' id='word_1_27' title='bbox 307 777 422 835; x_wconf 82' lang='lat' dir='ltr'><strong>faciant</strong></span> <span class='ocrx_word' id='word_1_28' title='bbox 437 792 525 854; x_wconf 84' lang='lat' dir='ltr'><strong>quom</strong></span> <span class='ocrx_word' id='word_1_29' title='bbox 542 777 674 834; x_wconf 89' lang='lat' dir='ltr'><strong>vescitur</strong></span> <span class='ocrx_word' id='word_1_30' title='bbox 688 781 779 834; x_wconf 88' lang='lat' dir='ltr'><strong>aetas.</strong></span> <span class='ocrx_word' id='word_1_31' title='bbox 801 772 867 848; x_wconf 91' lang='grc' dir='ltr'>ΙΙΙ,</span> <span class='ocrx_word' id='word_1_32' title='bbox 880 774 940 835; x_wconf 83' lang='grc'><strong>991</strong></span> <span class='ocrx_word' id='word_1_33' title='bbox 958 794 1029 854; x_wconf 87' lang='lat' dir='ltr'>sqq.</span> <span class='ocrx_word' id='word_1_34' title='bbox 1040 797 1047 832; x_wconf 77' lang='lat' dir='ltr'><em>z</em></span> <span class='ocrx_word' id='word_1_35' title='bbox 1059 773 1152 853; x_wconf 74' lang='lat' dir='ltr'><strong>prisce</strong></span> <span class='ocrx_word' id='word_1_36' title='bbox 1172 812 1203 819; x_wconf 94' lang='lat'><em>-</em></span> <span class='ocrx_word' id='word_1_37' title='bbox 1224 797 1313 858; x_wconf 79' lang='lat' dir='ltr'><strong>quom</strong></span> 
     </span>
     <span class='ocr_line' id='line_1_5' title="bbox 151 879 1313 959; baseline 0.002 -22"><span class='ocrx_word' id='word_1_38' title='bbox 151 879 317 956; x_wconf 87' lang='lat' dir='ltr'><strong>primordia</strong></span> <span class='ocrx_word' id='word_1_39' title='bbox 346 879 512 937; x_wconf 70' lang='lat' dir='ltr'>sentiscant</span> <span class='ocrx_word' id='word_1_40' title='bbox 541 897 684 938; x_wconf 86' lang='lat' dir='ltr'><strong>concussa</strong></span> <span class='ocrx_word' id='word_1_41' title='bbox 713 880 824 938; x_wconf 87' lang='lat' dir='ltr'><strong>animai</strong></span> <span class='ocrx_word' id='word_1_42' title='bbox 849 885 880 938; x_wconf 89' lang='lat' dir='ltr'><strong>et</strong></span> <span class='ocrx_word' id='word_1_43' title='bbox 903 897 992 959; x_wconf 71' lang='lat' dir='ltr'><strong>qucum</strong></span> <span class='ocrx_word' id='word_1_44' title='bbox 1019 883 1049 938; x_wconf 89' lang='lat' dir='ltr'><strong>in</strong></span> <span class='ocrx_word' id='word_1_45' title='bbox 1073 880 1120 938; x_wconf 91' lang='lat' dir='ltr'><strong>his</strong></span> <span class='ocrx_word' id='word_1_46' title='bbox 1144 881 1313 940; x_wconf 88' lang='lat' dir='ltr'><strong>intervallis</strong></span> 
     </span>
     <span class='ocr_line' id='line_1_6' title="bbox 151 976 1312 1062; baseline 0.002 -23"><span class='ocrx_word' id='word_1_47' title='bbox 151 982 322 1040; x_wconf 68' lang='lat' dir='ltr'><strong>tuditantia</strong></span> <span class='ocrx_word' id='word_1_48' title='bbox 341 981 459 1059; x_wconf 80' lang='lat' dir='ltr'><strong>possint</strong></span> <span class='ocrx_word' id='word_1_49' title='bbox 479 1000 662 1039; x_wconf 77' lang='lat' dir='ltr'><strong>concursare.</strong></span> <span class='ocrx_word' id='word_1_50' title='bbox 695 976 842 1060; x_wconf 82' lang='lat' dir='ltr'><strong>(Lachm.</strong></span> <span class='ocrx_word' id='word_1_51' title='bbox 867 1001 955 1062; x_wconf 83' lang='lat' dir='ltr'><strong>quam</strong></span> <span class='ocrx_word' id='word_1_52' title='bbox 976 979 1007 1040; x_wconf 83' lang='lat' dir='ltr'><strong>c&#39;u</strong></span> <span class='ocrx_word' id='word_1_53' title='bbox 1027 979 1075 1039; x_wconf 73' lang='lat' dir='ltr'><strong>lule</strong></span> <span class='ocrx_word' id='word_1_54' title='bbox 1090 999 1147 1061; x_wconf 92' lang='lat' dir='ltr'><strong>pro</strong></span> <span class='ocrx_word' id='word_1_55' title='bbox 1164 979 1312 1061; x_wconf 73' lang='lat' dir='ltr'><strong>quaudiu).</strong></span> 
     </span>
     <span class='ocr_line' id='line_1_7' title="bbox 153 1076 1312 1162; baseline 0.002 -21"><span class='ocrx_word' id='word_1_56' title='bbox 153 1076 348 1162; x_wconf 82' lang='lat' dir='ltr'><strong>Respondet</strong></span> <span class='ocrx_word' id='word_1_57' title='bbox 362 1077 574 1141; x_wconf 80' lang='lat' dir='ltr'><strong>antecedenti</strong></span> <span class='ocrx_word' id='word_1_58' title='bbox 589 1077 672 1140; x_wconf 73' lang='lat' dir='ltr'><strong>aliua</strong></span> <span class='ocrx_word' id='word_1_59' title='bbox 687 1098 760 1140; x_wconf 89' lang='lat' dir='ltr'><strong>cum</strong></span> <span class='ocrx_word' id='word_1_60' title='bbox 778 1080 955 1162; x_wconf 84' lang='lat' dir='ltr'><strong>negatione</strong></span> <span class='ocrx_word' id='word_1_61' title='bbox 972 1079 1148 1142; x_wconf 90' lang='lat' dir='ltr'><strong>coniuncto</strong></span> <span class='ocrx_word' id='word_1_62' title='bbox 1165 1079 1232 1156; x_wconf 90' lang='lat' dir='ltr'>III,</span> <span class='ocrx_word' id='word_1_63' title='bbox 1252 1083 1312 1143; x_wconf 88' lang='grc'><strong>110</strong></span> 
     </span>
     <span class='ocr_line' id='line_1_8' title="bbox 154 1179 1315 1264; baseline 0.003 -23"><span class='ocrx_word' id='word_1_64' title='bbox 154 1202 210 1241; x_wconf 77' lang='lat' dir='ltr'><strong>nou</strong></span> <span class='ocrx_word' id='word_1_65' title='bbox 226 1179 293 1242; x_wconf 80' lang='lat' dir='ltr'><strong>alio</strong></span> <span class='ocrx_word' id='word_1_66' title='bbox 309 1190 398 1263; x_wconf 87' lang='lat' dir='ltr'><strong>pacto</strong></span> <span class='ocrx_word' id='word_1_67' title='bbox 414 1203 504 1264; x_wconf 76' lang='lat' dir='ltr'><strong>qucum</strong></span> <span class='ocrx_word' id='word_1_68' title='bbox 519 1187 554 1257; x_wconf 89' lang='lat' dir='ltr'><strong>si,</strong></span> <span class='ocrx_word' id='word_1_69' title='bbox 570 1205 622 1263; x_wconf 89' lang='lat' dir='ltr'><strong>pes</strong></span> <span class='ocrx_word' id='word_1_70' title='bbox 638 1205 707 1244; x_wconf 88' lang='lat' dir='ltr'><strong>oum</strong></span> <span class='ocrx_word' id='word_1_71' title='bbox 723 1185 807 1244; x_wconf 88' lang='lat' dir='ltr'><strong>dolet</strong></span> <span class='ocrx_word' id='word_1_72' title='bbox 822 1189 914 1264; x_wconf 81' lang='lat' dir='ltr'><strong>aegri,</strong></span> <span class='ocrx_word' id='word_1_73' title='bbox 937 1189 968 1245; x_wconf 90' lang='lat' dir='ltr'><strong>in</strong></span> <span class='ocrx_word' id='word_1_74' title='bbox 992 1188 1076 1246; x_wconf 90' lang='lat' dir='ltr'><strong>nullo</strong></span> <span class='ocrx_word' id='word_1_75' title='bbox 1092 1194 1183 1264; x_wconf 89' lang='lat' dir='ltr'><strong>caput</strong></span> <span class='ocrx_word' id='word_1_76' title='bbox 1198 1187 1315 1245; x_wconf 88' lang='lat' dir='ltr'><strong>interea</strong></span> 
     </span>
     <span class='ocr_line' id='line_1_9' title="bbox 155 1281 1314 1364; baseline 0.003 -20"><span class='ocrx_word' id='word_1_77' title='bbox 155 1288 192 1345; x_wconf 88' lang='lat' dir='ltr'><strong>sit</strong></span> <span class='ocrx_word' id='word_1_78' title='bbox 216 1290 296 1346; x_wconf 80' lang='lat' dir='ltr'><strong>forte</strong></span> <span class='ocrx_word' id='word_1_79' title='bbox 320 1288 433 1346; x_wconf 87' lang='lat' dir='ltr'><strong>dolore.</strong></span> <span class='ocrx_word' id='word_1_80' title='bbox 465 1281 687 1364; x_wconf 79' lang='lat' dir='ltr'><strong>coniungitur</strong></span> <span class='ocrx_word' id='word_1_81' title='bbox 708 1302 780 1345; x_wconf 90' lang='lat' dir='ltr'><strong>cum</strong></span> <span class='ocrx_word' id='word_1_82' title='bbox 807 1289 905 1356; x_wconf 72' lang='lat' dir='ltr'><strong>riute„</strong></span> <span class='ocrx_word' id='word_1_83' title='bbox 916 1291 999 1363; x_wconf 75' lang='lat' dir='ltr'><strong>post,</strong></span> <span class='ocrx_word' id='word_1_84' title='bbox 1019 1288 1159 1364; x_wconf 76' lang='lat' dir='ltr'><strong>praeter,</strong></span> <span class='ocrx_word' id='word_1_85' title='bbox 1181 1305 1251 1364; x_wconf 77' lang='lat' dir='ltr'><strong>pre,</strong></span> <span class='ocrx_word' id='word_1_86' title='bbox 1278 1295 1314 1347; x_wconf 92' lang='lat' dir='ltr'><strong>ut</strong></span> 
     </span>
     <span class='ocr_line' id='line_1_10' title="bbox 155 1385 1310 1469; baseline 0.001 -22"><span class='ocrx_word' id='word_1_87' title='bbox 155 1390 297 1447; x_wconf 73' lang='lat' dir='ltr'><strong>distante</strong></span> <span class='ocrx_word' id='word_1_88' title='bbox 320 1407 421 1468; x_wconf 64' lang='lat' dir='ltr'><strong>quara</strong></span> <span class='ocrx_word' id='word_1_89' title='bbox 437 1391 510 1466; x_wconf 77' lang='lat' dir='ltr'><strong>posi</strong></span> <span class='ocrx_word' id='word_1_90' title='bbox 531 1407 632 1469; x_wconf 65' lang='lat' dir='ltr'><strong>quarm</strong></span> <span class='ocrx_word' id='word_1_91' title='bbox 648 1391 899 1469; x_wconf 77' lang='lat' dir='ltr'><strong>praeterquam,</strong></span> <span class='ocrx_word' id='word_1_92' title='bbox 916 1406 1097 1469; x_wconf 78' lang='lat' dir='ltr'><strong>proquam,</strong></span> <span class='ocrx_word' id='word_1_93' title='bbox 1120 1407 1151 1448; x_wconf 91' lang='lat' dir='ltr'><strong>v.</strong></span> <span class='ocrx_word' id='word_1_94' title='bbox 1165 1406 1235 1469; x_wconf 89' lang='lat' dir='ltr'><strong>cap.</strong></span> <span class='ocrx_word' id='word_1_95' title='bbox 1248 1385 1310 1448; x_wconf 90' lang='lat' dir='ltr'><strong>IV.</strong></span> 
     </span>
     <span class='ocr_line' id='line_1_11' title="bbox 158 1486 1314 1572; baseline 0.003 -24"><span class='ocrx_word' id='word_1_96' title='bbox 158 1486 383 1572; x_wconf 84' lang='lat' dir='ltr'><strong>Compositum</strong></span> <span class='ocrx_word' id='word_1_97' title='bbox 407 1494 460 1549; x_wconf 88' lang='lat' dir='ltr'><strong>est</strong></span> <span class='ocrx_word' id='word_1_98' title='bbox 477 1507 639 1571; x_wconf 79' lang='lat' dir='ltr'><strong>perquam,</strong></span> <span class='ocrx_word' id='word_1_99' title='bbox 668 1486 708 1548; x_wconf 90' lang='lat' dir='ltr'><strong>de</strong></span> <span class='ocrx_word' id='word_1_100' title='bbox 735 1486 827 1548; x_wconf 89' lang='lat' dir='ltr'><strong>cuius</strong></span> <span class='ocrx_word' id='word_1_101' title='bbox 854 1486 1096 1569; x_wconf 85' lang='lat' dir='ltr'><strong>significatione</strong></span> <span class='ocrx_word' id='word_1_102' title='bbox 1123 1487 1197 1550; x_wconf 89' lang='lat' dir='ltr'><strong>vide</strong></span> <span class='ocrx_word' id='word_1_103' title='bbox 1223 1487 1314 1551; x_wconf 91' lang='lat' dir='ltr'><strong>Han-</strong></span> 
     </span>
     <span class='ocr_line' id='line_1_12' title="bbox 159 1588 1314 1672; baseline 0.003 -22"><span class='ocrx_word' id='word_1_104' title='bbox 159 1588 241 1651; x_wconf 89' lang='lat' dir='ltr'><strong>dium</strong></span> <span class='ocrx_word' id='word_1_105' title='bbox 267 1588 302 1651; x_wconf 91' lang='lat' dir='ltr'><strong>in</strong></span> <span class='ocrx_word' id='word_1_106' title='bbox 326 1588 467 1652; x_wconf 73' lang='lat' dir='ltr'><strong>Turseli</strong></span> <span class='ocrx_word' id='word_1_107' title='bbox 498 1588 559 1666; x_wconf 89' lang='lat' dir='ltr'><strong>lV,</strong></span> <span class='ocrx_word' id='word_1_108' title='bbox 585 1612 617 1672; x_wconf 92' lang='lat' dir='ltr'><strong>p.</strong></span> <span class='ocrx_word' id='word_1_109' title='bbox 638 1591 712 1652; x_wconf 77' lang='lat'><strong>466.</strong></span> <span class='ocrx_word' id='word_1_110' title='bbox 740 1588 807 1666; x_wconf 91' lang='grc' dir='ltr'>ΙΙΙ,</span> <span class='ocrx_word' id='word_1_111' title='bbox 831 1592 908 1651; x_wconf 85' lang='lat'>180:</span> <span class='ocrx_word' id='word_1_112' title='bbox 934 1596 1060 1653; x_wconf 87' lang='lat' dir='ltr'><strong>minutis</strong></span> <span class='ocrx_word' id='word_1_113' title='bbox 1078 1611 1227 1672; x_wconf 73' lang='lat' dir='ltr'><strong>perquam</strong></span> <span class='ocrx_word' id='word_1_114' title='bbox 1252 1616 1314 1655; x_wconf 89' lang='lat' dir='ltr'><strong>cor·</strong></span> 
     </span>
     <span class='ocr_line' id='line_1_13' title="bbox 160 1692 1316 1777; baseline -0.002 -23"><span class='ocrx_word' id='word_1_115' title='bbox 160 1696 278 1773; x_wconf 87' lang='lat' dir='ltr'><strong>poribus</strong></span> <span class='ocrx_word' id='word_1_116' title='bbox 307 1697 422 1754; x_wconf 85' lang='lat' dir='ltr'><strong>factum</strong></span> <span class='ocrx_word' id='word_1_117' title='bbox 452 1700 599 1754; x_wconf 79' lang='lat' dir='ltr'><strong>constare.</strong></span> <span class='ocrx_word' id='word_1_118' title='bbox 649 1712 680 1752; x_wconf 88' lang='lat' dir='ltr'><strong>v.</strong></span> <span class='ocrx_word' id='word_1_119' title='bbox 714 1692 791 1753; x_wconf 82' lang='lat'>187:</span> <span class='ocrx_word' id='word_1_120' title='bbox 826 1701 964 1756; x_wconf 87' lang='lat' dir='ltr'><strong>constare</strong></span> <span class='ocrx_word' id='word_1_121' title='bbox 997 1698 1139 1756; x_wconf 87' lang='lat' dir='ltr'><strong>rutundis</strong></span> <span class='ocrx_word' id='word_1_122' title='bbox 1167 1712 1316 1777; x_wconf 72' lang='lat' dir='ltr'><strong>perquam</strong></span> 
     </span>
     <span class='ocr_line' id='line_1_14' title="bbox 158 1793 1315 1876; baseline -0.002 -20"><span class='ocrx_word' id='word_1_123' title='bbox 158 1798 320 1856; x_wconf 86' lang='lat' dir='ltr'><strong>seminibus</strong></span> <span class='ocrx_word' id='word_1_124' title='bbox 336 1798 427 1858; x_wconf 85' lang='lat' dir='ltr'><strong>debet</strong></span> <span class='ocrx_word' id='word_1_125' title='bbox 436 1813 643 1876; x_wconf 72' lang='lat' dir='ltr'><strong>perquamque</strong></span> <span class='ocrx_word' id='word_1_126' title='bbox 657 1799 793 1856; x_wconf 88' lang='lat' dir='ltr'><strong>minutis.</strong></span> <span class='ocrx_word' id='word_1_127' title='bbox 825 1816 856 1855; x_wconf 91' lang='lat' dir='ltr'><strong>v.</strong></span> <span class='ocrx_word' id='word_1_128' title='bbox 876 1797 949 1858; x_wconf 80' lang='grc'><strong>204.</strong></span> <span class='ocrx_word' id='word_1_129' title='bbox 973 1797 1046 1857; x_wconf 88' lang='grc'><strong>229.</strong></span> <span class='ocrx_word' id='word_1_130' title='bbox 1070 1793 1131 1871; x_wconf 83' lang='lat' dir='ltr'><strong>IV,</strong></span> <span class='ocrx_word' id='word_1_131' title='bbox 1151 1796 1226 1856; x_wconf 82' lang='lat'>169:</span> <span class='ocrx_word' id='word_1_132' title='bbox 1241 1814 1315 1874; x_wconf 75' lang='lat' dir='ltr'><strong>per·</strong></span> 
     </span>
     <span class='ocr_line' id='line_1_15' title="bbox 159 1894 1313 1980; baseline 0.002 -24"><span class='ocrx_word' id='word_1_133' title='bbox 159 1917 242 1978; x_wconf 77' lang='lat' dir='ltr'><strong>quam</strong></span> <span class='ocrx_word' id='word_1_134' title='bbox 262 1900 374 1959; x_wconf 86' lang='lat' dir='ltr'><strong>subito.</strong></span> <span class='ocrx_word' id='word_1_135' title='bbox 405 1894 447 1973; x_wconf 85' lang='lat' dir='ltr'><strong>V,</strong></span> <span class='ocrx_word' id='word_1_136' title='bbox 470 1897 546 1959; x_wconf 76' lang='lat'>594:</span> <span class='ocrx_word' id='word_1_137' title='bbox 567 1900 643 1958; x_wconf 86' lang='lat' dir='ltr'><strong>scire</strong></span> <span class='ocrx_word' id='word_1_138' title='bbox 663 1900 736 1957; x_wconf 89' lang='lat' dir='ltr'><strong>licet</strong></span> <span class='ocrx_word' id='word_1_139' title='bbox 750 1917 898 1980; x_wconf 75' lang='lat' dir='ltr'><strong>perquam</strong></span> <span class='ocrx_word' id='word_1_140' title='bbox 920 1902 1054 1979; x_wconf 87' lang='lat' dir='ltr'><strong>pauxillo</strong></span> <span class='ocrx_word' id='word_1_141' title='bbox 1075 1919 1162 1978; x_wconf 86' lang='lat' dir='ltr'><strong>posse</strong></span> <span class='ocrx_word' id='word_1_142' title='bbox 1183 1903 1313 1959; x_wconf 89' lang='lat' dir='ltr'><strong>minores</strong></span> 
     </span>
     <span class='ocr_line' id='line_1_16' title="bbox 160 2023 226 2061; baseline -0.015 0"><span class='ocrx_word' id='word_1_143' title='bbox 160 2023 226 2061; x_wconf 85' lang='lat' dir='ltr'><strong>esse.</strong></span> 
     </span>
    </p>

    <p class='ocr_par' dir='ltr' id='par_1_3' title="bbox 160 2098 1315 2387">
     <span class='ocr_line' id='line_1_17' title="bbox 238 2098 1314 2183; baseline -0.001 -21"><span class='ocrx_word' id='word_1_144' title='bbox 238 2098 390 2181; x_wconf 89' lang='lat' dir='ltr'><strong>Denique</strong></span> <span class='ocrx_word' id='word_1_145' title='bbox 409 2100 474 2163; x_wconf 90' lang='lat' dir='ltr'><strong>huc</strong></span> <span class='ocrx_word' id='word_1_146' title='bbox 496 2104 650 2182; x_wconf 83' lang='lat' dir='ltr'><strong>spectant</strong></span> <span class='ocrx_word' id='word_1_147' title='bbox 667 2098 822 2162; x_wconf 87' lang='lat' dir='ltr'><strong>adverbia</strong></span> <span class='ocrx_word' id='word_1_148' title='bbox 838 2098 1135 2182; x_wconf 86' lang='lat' dir='ltr'><strong>comparativorum</strong></span> <span class='ocrx_word' id='word_1_149' title='bbox 1153 2106 1186 2161; x_wconf 90' lang='lat' dir='ltr'><strong>et</strong></span> <span class='ocrx_word' id='word_1_150' title='bbox 1202 2120 1314 2183; x_wconf 91' lang='lat' dir='ltr'><strong>super·</strong></span> 
     </span>
     <span class='ocr_line' id='line_1_18' title="bbox 161 2200 1315 2283; baseline 0.004 -22"><span class='ocrx_word' id='word_1_151' title='bbox 161 2200 332 2264; x_wconf 75' lang='lat' dir='ltr'><strong>dativorum</strong></span> <span class='ocrx_word' id='word_1_152' title='bbox 358 2200 538 2264; x_wconf 87' lang='lat' dir='ltr'><strong>accusativi</strong></span> <span class='ocrx_word' id='word_1_153' title='bbox 564 2200 701 2264; x_wconf 80' lang='lat' dir='ltr'><strong>sormam</strong></span> <span class='ocrx_word' id='word_1_154' title='bbox 729 2201 896 2264; x_wconf 84' lang='lat' dir='ltr'><strong>habentia.</strong></span> <span class='ocrx_word' id='word_1_155' title='bbox 929 2200 991 2276; x_wconf 84' lang='lat' dir='ltr'><strong>IV,</strong></span> <span class='ocrx_word' id='word_1_156' title='bbox 1014 2202 1073 2265; x_wconf 84' lang='grc'><strong>871</strong></span> <span class='ocrx_word' id='word_1_157' title='bbox 1092 2222 1179 2283; x_wconf 81' lang='lat' dir='ltr'><strong>sqq:</strong></span> <span class='ocrx_word' id='word_1_158' title='bbox 1202 2207 1315 2283; x_wconf 84' lang='lat' dir='ltr'><strong>glome-</strong></span> 
     </span>
     <span class='ocr_line' id='line_1_19' title="bbox 160 2305 1315 2387; baseline 0.001 -20"><span class='ocrx_word' id='word_1_159' title='bbox 160 2315 279 2386; x_wconf 79' lang='lat' dir='ltr'><strong>rataque</strong></span> <span class='ocrx_word' id='word_1_160' title='bbox 293 2307 391 2368; x_wconf 83' lang='lat' dir='ltr'><strong>multa</strong></span> <span class='ocrx_word' id='word_1_161' title='bbox 405 2310 525 2386; x_wconf 88' lang='lat' dir='ltr'><strong>vaporis</strong></span> <span class='ocrx_word' id='word_1_162' title='bbox 539 2328 663 2386; x_wconf 88' lang='lat' dir='ltr'><strong>corpora</strong></span> <span class='ocrx_word' id='word_1_163' title='bbox 677 2341 707 2349; x_wconf 83' lang='lat'>—</span> <span class='ocrx_word' id='word_1_164' title='bbox 724 2309 861 2387; x_wconf 89' lang='lat' dir='ltr'><strong>dissupat</strong></span> <span class='ocrx_word' id='word_1_165' title='bbox 870 2311 1033 2368; x_wconf 85' lang='lat' dir='ltr'><strong>adveniens</strong></span> <span class='ocrx_word' id='word_1_166' title='bbox 1043 2309 1143 2386; x_wconf 89' lang='lat' dir='ltr'><strong>liquor</strong></span> <span class='ocrx_word' id='word_1_167' title='bbox 1158 2305 1192 2366; x_wconf 74' lang='lat' dir='ltr'><strong>ad</strong></span> <span class='ocrx_word' id='word_1_168' title='bbox 1207 2310 1315 2368; x_wconf 86' lang='lat' dir='ltr'><strong>restin-</strong></span> 
     </span>
    </p>

    <p class='ocr_par' dir='ltr' id='par_1_4' title="bbox 111 2406 1316 3781">
     <span class='ocr_line' id='line_1_20' title="bbox 114 2406 1315 2489; baseline 0.001 -20"><span class='ocrx_word' id='word_1_169' title='bbox 114 2470 116 2479; x_wconf 78' lang='grc'>,</span> <span class='ocrx_word' id='word_1_170' title='bbox 162 2412 225 2487; x_wconf 75' lang='lat' dir='ltr'><strong>guit</strong></span> <span class='ocrx_word' id='word_1_171' title='bbox 244 2415 282 2469; x_wconf 88' lang='lat' dir='ltr'><strong>ut</strong></span> <span class='ocrx_word' id='word_1_172' title='bbox 301 2411 414 2488; x_wconf 78' lang='lat' dir='ltr'><strong>ignem,</strong></span> <span class='ocrx_word' id='word_1_173' title='bbox 436 2430 521 2470; x_wconf 87' lang='lat' dir='ltr'><strong>urere</strong></span> <span class='ocrx_word' id='word_1_174' title='bbox 543 2432 580 2469; x_wconf 91' lang='lat' dir='ltr'><strong>ne</strong></span> <span class='ocrx_word' id='word_1_175' title='bbox 603 2412 698 2489; x_wconf 86' lang='lat' dir='ltr'><strong>possit</strong></span> <span class='ocrx_word' id='word_1_176' title='bbox 718 2412 799 2470; x_wconf 91' lang='lat' dir='ltr'><strong>calor</strong></span> <span class='ocrx_word' id='word_1_177' title='bbox 819 2407 950 2487; x_wconf 75' lang='lat' dir='ltr'><strong>euplius</strong></span> <span class='ocrx_word' id='word_1_178' title='bbox 966 2412 1066 2470; x_wconf 86' lang='lat' dir='ltr'><strong>aridus</strong></span> <span class='ocrx_word' id='word_1_179' title='bbox 1082 2416 1174 2469; x_wconf 90' lang='lat' dir='ltr'><strong>artus.</strong></span> <span class='ocrx_word' id='word_1_180' title='bbox 1206 2406 1315 2483; x_wconf 81' lang='lat'><strong>1,556</strong></span> 
     </span>
     <span class='ocr_line' id='line_1_21' title="bbox 163 2507 1316 2592; baseline 0.001 -20"><span class='ocrx_word' id='word_1_181' title='bbox 163 2514 257 2587; x_wconf 67' lang='lat' dir='ltr'><strong>atius,</strong></span> <span class='ocrx_word' id='word_1_182' title='bbox 272 2507 354 2570; x_wconf 81' lang='lat' dir='ltr'><strong>item</strong></span> <span class='ocrx_word' id='word_1_183' title='bbox 369 2507 417 2586; x_wconf 92' lang='grc' dir='ltr'><strong>ΙΙ,</strong></span> <span class='ocrx_word' id='word_1_184' title='bbox 429 2510 481 2571; x_wconf 73' lang='grc'><strong>34.</strong></span> <span class='ocrx_word' id='word_1_185' title='bbox 504 2507 533 2586; x_wconf 90' lang='lat' dir='ltr'><strong>I,</strong></span> <span class='ocrx_word' id='word_1_186' title='bbox 546 2512 607 2572; x_wconf 77' lang='lat'><strong>240</strong></span> <span class='ocrx_word' id='word_1_187' title='bbox 623 2515 732 2572; x_wconf 90' lang='lat' dir='ltr'><strong>minus.</strong></span> <span class='ocrx_word' id='word_1_188' title='bbox 754 2508 856 2586; x_wconf 81' lang='grc' dir='ltr'><strong>Ι,196</strong></span> <span class='ocrx_word' id='word_1_189' title='bbox 873 2516 983 2592; x_wconf 90' lang='lat' dir='ltr'><strong>potius.</strong></span> <span class='ocrx_word' id='word_1_190' title='bbox 1005 2532 1036 2571; x_wconf 88' lang='lat' dir='ltr'><strong>v.</strong></span> <span class='ocrx_word' id='word_1_191' title='bbox 1050 2511 1147 2572; x_wconf 81' lang='lat'>1019:</span> <span class='ocrx_word' id='word_1_192' title='bbox 1163 2514 1226 2572; x_wconf 87' lang='lat' dir='ltr'><strong>sive</strong></span> <span class='ocrx_word' id='word_1_193' title='bbox 1241 2516 1316 2573; x_wconf 89' lang='lat' dir='ltr'><strong>adeo</strong></span> 
     </span>
     <span class='ocr_line' id='line_1_22' title="bbox 114 2608 1316 2694; baseline -0.002 -17"><span class='ocrx_word' id='word_1_194' title='bbox 114 2628 116 2677; x_wconf 83' lang='lat' dir='ltr'><strong>l</strong></span> <span class='ocrx_word' id='word_1_195' title='bbox 159 2611 268 2690; x_wconf 78' lang='lat' dir='ltr'><strong>potius.</strong></span> <span class='ocrx_word' id='word_1_196' title='bbox 301 2608 362 2688; x_wconf 89' lang='lat' dir='ltr'><strong>VI,</strong></span> <span class='ocrx_word' id='word_1_197' title='bbox 383 2613 478 2674; x_wconf 81' lang='lat'>1165:</span> <span class='ocrx_word' id='word_1_198' title='bbox 501 2635 556 2674; x_wconf 89' lang='lat' dir='ltr'><strong>nec</strong></span> <span class='ocrx_word' id='word_1_199' title='bbox 575 2617 669 2674; x_wconf 90' lang='lat' dir='ltr'><strong>nimio</strong></span> <span class='ocrx_word' id='word_1_200' title='bbox 691 2617 832 2693; x_wconf 87' lang='lat' dir='ltr'><strong>cuiquam</strong></span> <span class='ocrx_word' id='word_1_201' title='bbox 852 2637 952 2694; x_wconf 88' lang='lat' dir='ltr'><strong>posses</strong></span> <span class='ocrx_word' id='word_1_202' title='bbox 969 2617 1073 2675; x_wconf 90' lang='lat' dir='ltr'><strong>ardore</strong></span> <span class='ocrx_word' id='word_1_203' title='bbox 1089 2617 1168 2673; x_wconf 85' lang='lat' dir='ltr'><strong>tueri</strong></span> <span class='ocrx_word' id='word_1_204' title='bbox 1184 2617 1316 2693; x_wconf 86' lang='lat' dir='ltr'><strong>corporis</strong></span> 
     </span>
     <span class='ocr_line' id='line_1_23' title="bbox 114 2706 1316 2796; baseline 0.002 -21"><span class='ocrx_word' id='word_1_205' title='bbox 114 2706 117 2741; x_wconf 74' lang='lat'><em>¹</em></span> <span class='ocrx_word' id='word_1_206' title='bbox 163 2719 190 2776; x_wconf 87' lang='lat' dir='ltr'><strong>in</strong></span> <span class='ocrx_word' id='word_1_207' title='bbox 204 2737 322 2776; x_wconf 87' lang='lat' dir='ltr'><strong>summo</strong></span> <span class='ocrx_word' id='word_1_208' title='bbox 337 2738 484 2776; x_wconf 89' lang='lat' dir='ltr'><strong>summam</strong></span> <span class='ocrx_word' id='word_1_209' title='bbox 499 2720 663 2777; x_wconf 85' lang='lat' dir='ltr'><strong>fervescere</strong></span> <span class='ocrx_word' id='word_1_210' title='bbox 678 2724 805 2796; x_wconf 88' lang='lat' dir='ltr'><strong>partem,</strong></span> <span class='ocrx_word' id='word_1_211' title='bbox 826 2721 884 2777; x_wconf 86' lang='lat' dir='ltr'><strong>sed&#39;</strong></span> <span class='ocrx_word' id='word_1_212' title='bbox 892 2715 1000 2794; x_wconf 73' lang='lat' dir='ltr'><strong>polius</strong></span> <span class='ocrx_word' id='word_1_213' title='bbox 1018 2719 1157 2795; x_wconf 86' lang='lat' dir='ltr'><strong>tepidum</strong></span> <span class='ocrx_word' id='word_1_214' title='bbox 1177 2719 1316 2778; x_wconf 89' lang='lat' dir='ltr'><strong>manibus</strong></span> 
     </span>
     <span class='ocr_line' id='line_1_24' title="bbox 164 2815 1316 2899; baseline 0.001 -21"><span class='ocrx_word' id='word_1_215' title='bbox 164 2838 325 2899; x_wconf 82' lang='lat' dir='ltr'><strong>proponere</strong></span> <span class='ocrx_word' id='word_1_216' title='bbox 339 2825 466 2880; x_wconf 86' lang='lat' dir='ltr'><strong>tactum.</strong></span> <span class='ocrx_word' id='word_1_217' title='bbox 493 2815 546 2878; x_wconf 84' lang='lat' dir='ltr'><strong>Sic</strong></span> <span class='ocrx_word' id='word_1_218' title='bbox 558 2815 720 2878; x_wconf 81' lang='lat' dir='ltr'><strong>Marullus</strong></span> <span class='ocrx_word' id='word_1_219' title='bbox 736 2838 794 2899; x_wconf 92' lang='lat' dir='ltr'><strong>pro</strong></span> <span class='ocrx_word' id='word_1_220' title='bbox 811 2816 916 2878; x_wconf 78' lang='lat' dir='ltr'><strong>totius.</strong></span> <span class='ocrx_word' id='word_1_221' title='bbox 938 2815 966 2892; x_wconf 88' lang='grc' dir='ltr'><strong>Ι,</strong></span> <span class='ocrx_word' id='word_1_222' title='bbox 980 2818 1062 2879; x_wconf 92' lang='grc'><strong>1111</strong></span> <span class='ocrx_word' id='word_1_223' title='bbox 1080 2822 1172 2897; x_wconf 88' lang='lat' dir='ltr'><strong>prius.</strong></span> <span class='ocrx_word' id='word_1_224' title='bbox 1193 2815 1241 2894; x_wconf 92' lang='lat' dir='ltr'><strong>II,</strong></span> <span class='ocrx_word' id='word_1_225' title='bbox 1255 2819 1316 2880; x_wconf 85' lang='grc'><strong>792</strong></span> 
     </span>
     <span class='ocr_line' id='line_1_25' title="bbox 164 2917 1316 3001; baseline 0.003 -21"><span class='ocrx_word' id='word_1_226' title='bbox 164 2924 328 2998; x_wconf 82' lang='lat' dir='ltr'><strong>proclivius.</strong></span> <span class='ocrx_word' id='word_1_227' title='bbox 360 2917 388 2995; x_wconf 89' lang='grc' dir='ltr'><strong>Ι,</strong></span> <span class='ocrx_word' id='word_1_228' title='bbox 411 2921 471 2983; x_wconf 83' lang='grc'><strong>157</strong></span> <span class='ocrx_word' id='word_1_229' title='bbox 493 2924 614 2981; x_wconf 89' lang='lat' dir='ltr'><strong>rectius.</strong></span> <span class='ocrx_word' id='word_1_230' title='bbox 645 2940 676 2979; x_wconf 88' lang='lat' dir='ltr'><strong>v.</strong></span> <span class='ocrx_word' id='word_1_231' title='bbox 700 2920 740 2980; x_wconf 93' lang='grc'><strong>82</strong></span> <span class='ocrx_word' id='word_1_232' title='bbox 762 2924 889 3001; x_wconf 90' lang='lat' dir='ltr'><strong>saepius.</strong></span> <span class='ocrx_word' id='word_1_233' title='bbox 922 2917 982 2995; x_wconf 92' lang='lat' dir='ltr'><strong>VI,</strong></span> <span class='ocrx_word' id='word_1_234' title='bbox 1006 2920 1067 2980; x_wconf 88' lang='grc'><strong>315</strong></span> <span class='ocrx_word' id='word_1_235' title='bbox 1089 2923 1183 2981; x_wconf 88' lang='lat' dir='ltr'><strong>setius</strong></span> <span class='ocrx_word' id='word_1_236' title='bbox 1205 2923 1316 2998; x_wconf 88' lang='lat' dir='ltr'><strong>(secius</strong></span> 
     </span>
     <span class='ocr_line' id='line_1_26' title="bbox 113 3019 1316 3102; baseline 0.002 -21"><span class='ocrx_word' id='word_1_237' title='bbox 113 3048 116 3059; x_wconf 89' lang='lat'>·</span> <span class='ocrx_word' id='word_1_238' title='bbox 164 3019 266 3102; x_wconf 89' lang='lat' dir='ltr'><strong>prima·</strong></span> <span class='ocrx_word' id='word_1_239' title='bbox 281 3040 381 3084; x_wconf 87' lang='lat' dir='ltr'><strong>manu</strong></span> <span class='ocrx_word' id='word_1_240' title='bbox 402 3020 578 3102; x_wconf 82' lang='lat' dir='ltr'><strong>oblongus,</strong></span> <span class='ocrx_word' id='word_1_241' title='bbox 601 3019 690 3102; x_wconf 91' lang='lat' dir='ltr'><strong>quod</strong></span> <span class='ocrx_word' id='word_1_242' title='bbox 711 3019 832 3082; x_wconf 81' lang='lat' dir='ltr'><strong>falsum</strong></span> <span class='ocrx_word' id='word_1_243' title='bbox 847 3020 922 3099; x_wconf 89' lang='lat' dir='ltr'><strong>est).</strong></span> <span class='ocrx_word' id='word_1_244' title='bbox 954 3019 1316 3101; x_wconf 71' lang='lat' dir='ltr'><strong>I,12:adriaepru&#39;uum</strong></span> 
     </span>
     <span class='ocr_line' id='line_1_27' title="bbox 164 3122 1316 3212; baseline 0.002 -29"><span class='ocrx_word' id='word_1_245' title='bbox 164 3127 293 3185; x_wconf 72' lang='lat' dir='ltr'><strong>volucres</strong></span> <span class='ocrx_word' id='word_1_246' title='bbox 315 3133 348 3186; x_wconf 88' lang='lat' dir='ltr'><strong>te</strong></span> <span class='ocrx_word' id='word_1_247' title='bbox 374 3160 405 3170; x_wconf 93' lang='lat'>-</span> <span class='ocrx_word' id='word_1_248' title='bbox 432 3128 613 3212; x_wconf 77' lang='lat' dir='ltr'><strong>significant.</strong></span> <span class='ocrx_word' id='word_1_249' title='bbox 643 3146 675 3185; x_wconf 92' lang='lat' dir='ltr'><strong>v.</strong></span> <span class='ocrx_word' id='word_1_250' title='bbox 698 3124 753 3185; x_wconf 81' lang='lat'><strong>66:</strong></span> <span class='ocrx_word' id='word_1_251' title='bbox 775 3122 907 3202; x_wconf 66' lang='lat' dir='ltr'><strong>prauum</strong></span> <span class='ocrx_word' id='word_1_252' title='bbox 931 3128 1039 3186; x_wconf 81' lang='lat' dir='ltr'><strong>Graius</strong></span> <span class='ocrx_word' id='word_1_253' title='bbox 1062 3130 1154 3203; x_wconf 87' lang='lat' dir='ltr'><strong>homo</strong></span> <span class='ocrx_word' id='word_1_254' title='bbox 1178 3128 1316 3186; x_wconf 87' lang='lat' dir='ltr'><strong>mortalis</strong></span> 
     </span>
     <span class='ocr_line' id='line_1_28' title="bbox 163 3224 1316 3307; baseline 0.001 -21.958"><span class='ocrx_word' id='word_1_255' title='bbox 163 3229 282 3288; x_wconf 82' lang='lat' dir='ltr'><strong>tendere</strong></span> <span class='ocrx_word' id='word_1_256' title='bbox 297 3235 403 3289; x_wconf 87' lang='lat' dir='ltr'><strong>contra</strong></span> <span class='ocrx_word' id='word_1_257' title='bbox 418 3234 465 3288; x_wconf 87' lang='lat' dir='ltr'><strong>eat</strong></span> <span class='ocrx_word' id='word_1_258' title='bbox 480 3231 582 3288; x_wconf 88' lang='lat' dir='ltr'><strong>oculos</strong></span> <span class='ocrx_word' id='word_1_259' title='bbox 598 3249 696 3288; x_wconf 89' lang='lat' dir='ltr'><strong>ausus.</strong></span> <span class='ocrx_word' id='word_1_260' title='bbox 728 3224 788 3302; x_wconf 86' lang='lat' dir='ltr'><strong>IV,</strong></span> <span class='ocrx_word' id='word_1_261' title='bbox 808 3227 905 3287; x_wconf 79' lang='lat'>1151:</span> <span class='ocrx_word' id='word_1_262' title='bbox 922 3234 954 3288; x_wconf 90' lang='lat' dir='ltr'><strong>et</strong></span> <span class='ocrx_word' id='word_1_263' title='bbox 969 3230 1207 3307; x_wconf 88' lang='lat' dir='ltr'><strong>praetermittas</strong></span> <span class='ocrx_word' id='word_1_264' title='bbox 1223 3229 1316 3287; x_wconf 88' lang='lat' dir='ltr'><strong>animi</strong></span> 
     </span>
     <span class='ocr_line' id='line_1_29' title="bbox 112 3325 1315 3409; baseline -0.002 -19"><span class='ocrx_word' id='word_1_265' title='bbox 112 3330 114 3345; x_wconf 94' lang='lat'>&#39;</span> <span class='ocrx_word' id='word_1_266' title='bbox 163 3332 234 3390; x_wconf 79' lang='lat' dir='ltr'><strong>vitia</strong></span> <span class='ocrx_word' id='word_1_267' title='bbox 248 3333 349 3390; x_wconf 90' lang='lat' dir='ltr'><strong>omnia</strong></span> <span class='ocrx_word' id='word_1_268' title='bbox 365 3327 506 3407; x_wconf 72' lang='lat' dir='ltr'><strong>priscum.</strong></span> <span class='ocrx_word' id='word_1_269' title='bbox 529 3327 683 3390; x_wconf 86' lang='lat' dir='ltr'><strong>Lachm.:</strong></span> <span class='ocrx_word' id='word_1_270' title='bbox 700 3327 765 3404; x_wconf 89' lang='lat' dir='ltr'><strong>„In</strong></span> <span class='ocrx_word' id='word_1_271' title='bbox 775 3326 910 3407; x_wconf 75' lang='lat' dir='ltr'><strong>primum</strong></span> <span class='ocrx_word' id='word_1_272' title='bbox 926 3326 1092 3403; x_wconf 88' lang='lat' dir='ltr'><strong>adverbio,</strong></span> <span class='ocrx_word' id='word_1_273' title='bbox 1111 3347 1174 3408; x_wconf 90' lang='lat' dir='ltr'><strong>quo</strong></span> <span class='ocrx_word' id='word_1_274' title='bbox 1192 3325 1315 3409; x_wconf 88' lang='lat' dir='ltr'><strong>primus</strong></span> 
     </span>
     <span class='ocr_line' id='line_1_30' title="bbox 112 3427 1316 3512; baseline -0.002 -19"><span class='ocrx_word' id='word_1_275' title='bbox 112 3482 115 3493; x_wconf 94' lang='grc'><strong>.</strong></span> <span class='ocrx_word' id='word_1_276' title='bbox 164 3428 296 3491; x_wconf 82' lang='lat' dir='ltr'><strong>cavendi</strong></span> <span class='ocrx_word' id='word_1_277' title='bbox 317 3429 439 3512; x_wconf 85' lang='lat' dir='ltr'><strong>gradus</strong></span> <span class='ocrx_word' id='word_1_278' title='bbox 460 3429 668 3511; x_wconf 85' lang='lat' dir='ltr'><strong>designatur,</strong></span> <span class='ocrx_word' id='word_1_279' title='bbox 695 3428 781 3490; x_wconf 91' lang='lat' dir='ltr'><strong>male</strong></span> <span class='ocrx_word' id='word_1_280' title='bbox 801 3427 909 3491; x_wconf 88' lang='lat' dir='ltr'><strong>haesit</strong></span> <span class='ocrx_word' id='word_1_281' title='bbox 930 3436 963 3491; x_wconf 90' lang='lat' dir='ltr'><strong>et</strong></span> <span class='ocrx_word' id='word_1_282' title='bbox 984 3427 1147 3491; x_wconf 87' lang='lat' dir='ltr'><strong>Marullus</strong></span> <span class='ocrx_word' id='word_1_283' title='bbox 1171 3436 1205 3490; x_wconf 90' lang='lat' dir='ltr'><strong>et</strong></span> <span class='ocrx_word' id='word_1_284' title='bbox 1226 3428 1316 3490; x_wconf 89' lang='lat' dir='ltr'><strong>Nau-</strong></span> 
     </span>
     <span class='ocr_line' id='line_1_31' title="bbox 111 3530 884 3635; baseline -0.001 -42"><span class='ocrx_word' id='word_1_285' title='bbox 111 3542 116 3635; x_wconf 64' lang='lat' dir='ltr'><strong>f</strong></span> <span class='ocrx_word' id='word_1_286' title='bbox 164 3531 307 3611; x_wconf 81' lang='lat' dir='ltr'><strong>gorius.“</strong></span> <span class='ocrx_word' id='word_1_287' title='bbox 336 3530 379 3609; x_wconf 85' lang='lat' dir='ltr'><strong>V,</strong></span> <span class='ocrx_word' id='word_1_288' title='bbox 397 3535 475 3595; x_wconf 81' lang='lat'>851:</span> <span class='ocrx_word' id='word_1_289' title='bbox 493 3537 603 3615; x_wconf 91' lang='lat' dir='ltr'><strong>pabula</strong></span> <span class='ocrx_word' id='word_1_290' title='bbox 612 3532 746 3612; x_wconf 72' lang='lat' dir='ltr'><strong>priscum</strong></span> <span class='ocrx_word' id='word_1_291' title='bbox 763 3540 798 3594; x_wconf 93' lang='lat' dir='ltr'><strong>ut</strong></span> <span class='ocrx_word' id='word_1_292' title='bbox 813 3537 884 3594; x_wconf 85' lang='lat' dir='ltr'><strong>sint.</strong></span> 
     </span>
     <span class='ocr_line' id='line_1_32' title="bbox 111 3640 114 3677; baseline 0 0"><span class='ocrx_word' id='word_1_293' title='bbox 111 3640 114 3677; x_wconf 87' lang='grc' dir='ltr'>ι</span> 
     </span>
     <span class='ocr_line' id='line_1_33' title="bbox 111 3708 114 3781; baseline 0 0"><span class='ocrx_word' id='word_1_294' title='bbox 111 3708 114 3781; x_wconf 90' lang='grc' dir='ltr'>Ι</span> 
     </span>
    </p>
   </div>
   <div class='ocr_carea' id='block_1_3' title="bbox 417 3790 984 3854">
    <p class='ocr_par' dir='ltr' id='par_1_5' title="bbox 417 3790 984 3854">
     <span class='ocr_line' id='line_1_34' title="bbox 417 3790 984 3854; baseline 0 -15"><span class='ocrx_word' id='word_1_295' title='bbox 417 3829 420 3833; x_wconf 65' lang='lat'><em>,</em></span> <span class='ocrx_word' id='word_1_296' title='bbox 491 3790 529 3839; x_wconf 85' lang='lat'><strong>11.</strong></span> <span class='ocrx_word' id='word_1_297' title='bbox 554 3792 774 3840; x_wconf 84' lang='lat' dir='ltr'><strong>Accusativus</strong></span> <span class='ocrx_word' id='word_1_298' title='bbox 793 3791 984 3854; x_wconf 88' lang='lat' dir='ltr'><strong>qualitatis.</strong></span> 
     </span>
    </p>
   </div>
   <div class='ocr_carea' id='block_1_4' title="bbox 173 3938 1421 4329">
    <p class='ocr_par' dir='ltr' id='par_1_6' title="bbox 173 3938 1421 4329">
     <span class='ocr_line' id='line_1_35' title="bbox 246 3938 1421 4027; baseline 0.001 -26"><span class='ocrx_word' id='word_1_299' title='bbox 246 3940 389 4004; x_wconf 88' lang='lat' dir='ltr'><strong>Primum</strong></span> <span class='ocrx_word' id='word_1_300' title='bbox 405 3962 510 4023; x_wconf 86' lang='lat' dir='ltr'><strong>genus</strong></span> <span class='ocrx_word' id='word_1_301' title='bbox 527 3939 707 4003; x_wconf 89' lang='lat' dir='ltr'><strong>accusativi</strong></span> <span class='ocrx_word' id='word_1_302' title='bbox 724 3939 895 4023; x_wconf 85' lang='lat' dir='ltr'><strong>qualitatis</strong></span> <span class='ocrx_word' id='word_1_303' title='bbox 912 3938 1023 4016; x_wconf 87' lang='lat' dir='ltr'><strong>estid,</strong></span> <span class='ocrx_word' id='word_1_304' title='bbox 1041 3938 1097 4001; x_wconf 90' lang='lat' dir='ltr'><strong>ubi</strong></span> <span class='ocrx_word' id='word_1_305' title='bbox 1115 3939 1201 4003; x_wconf 88' lang='lat' dir='ltr'><strong>actio</strong></span> <span class='ocrx_word' id='word_1_306' title='bbox 1217 3939 1266 4003; x_wconf 87' lang='lat' dir='ltr'><strong>ita</strong></span> <span class='ocrx_word' id='word_1_307' title='bbox 1282 3961 1317 4002; x_wconf 90' lang='lat' dir='ltr'><strong>se</strong></span> <span class='ocrx_word' id='word_1_308' title='bbox 1354 3988 1381 4027; x_wconf 41' lang='lat'><em>⁶</em></span> <span class='ocrx_word' id='word_1_309' title='bbox 1418 3975 1421 3982; x_wconf 91' lang='lat'>·</span> 
     </span>
     <span class='ocr_line' id='line_1_36' title="bbox 173 4040 1318 4127; baseline 0.003 -27"><span class='ocrx_word' id='word_1_310' title='bbox 173 4040 314 4122; x_wconf 81' lang='lat' dir='ltr'><strong>explicat,</strong></span> <span class='ocrx_word' id='word_1_311' title='bbox 337 4051 375 4106; x_wconf 91' lang='lat' dir='ltr'><strong>ut</strong></span> <span class='ocrx_word' id='word_1_312' title='bbox 395 4042 532 4107; x_wconf 87' lang='lat' dir='ltr'><strong>interior</strong></span> <span class='ocrx_word' id='word_1_313' title='bbox 552 4042 645 4126; x_wconf 87' lang='lat' dir='ltr'><strong>quasi</strong></span> <span class='ocrx_word' id='word_1_314' title='bbox 667 4041 715 4104; x_wconf 88' lang='lat' dir='ltr'><strong>vis</strong></span> <span class='ocrx_word' id='word_1_315' title='bbox 739 4049 773 4105; x_wconf 90' lang='lat' dir='ltr'><strong>et</strong></span> <span class='ocrx_word' id='word_1_316' title='bbox 794 4048 912 4127; x_wconf 71' lang='lat' dir='ltr'><strong>qptura</strong></span> <span class='ocrx_word' id='word_1_317' title='bbox 934 4041 1002 4104; x_wconf 89' lang='lat' dir='ltr'><strong>eius</strong></span> <span class='ocrx_word' id='word_1_318' title='bbox 1022 4040 1056 4103; x_wconf 90' lang='lat' dir='ltr'><strong>in</strong></span> <span class='ocrx_word' id='word_1_319' title='bbox 1079 4041 1221 4104; x_wconf 91' lang='lat' dir='ltr'><strong>medium</strong></span> <span class='ocrx_word' id='word_1_320' title='bbox 1244 4064 1318 4124; x_wconf 92' lang='lat' dir='ltr'><strong>pro·</strong></span> 
     </span>
     <span class='ocr_line' id='line_1_37' title="bbox 176 4138 1318 4229; baseline 0.005 -29"><span class='ocrx_word' id='word_1_321' title='bbox 176 4138 295 4222; x_wconf 80' lang='lat' dir='ltr'><strong>leretur,</strong></span> <span class='ocrx_word' id='word_1_322' title='bbox 321 4167 385 4227; x_wconf 86' lang='lat' dir='ltr'><strong>qao</strong></span> <span class='ocrx_word' id='word_1_323' title='bbox 410 4144 555 4229; x_wconf 87' lang='lat' dir='ltr'><strong>pertinet</strong></span> <span class='ocrx_word' id='word_1_324' title='bbox 578 4145 718 4228; x_wconf 90' lang='lat' dir='ltr'><strong>primum</strong></span> <span class='ocrx_word' id='word_1_325' title='bbox 744 4166 812 4207; x_wconf 90' lang='lat' dir='ltr'><strong>acc.</strong></span> <span class='ocrx_word' id='word_1_326' title='bbox 837 4144 983 4207; x_wconf 88' lang='lat' dir='ltr'><strong>eiusdem</strong></span> <span class='ocrx_word' id='word_1_327' title='bbox 1005 4144 1108 4227; x_wconf 82' lang='lat' dir='ltr'><strong>etymi</strong></span> <span class='ocrx_word' id='word_1_328' title='bbox 1128 4165 1201 4206; x_wconf 90' lang='lat' dir='ltr'><strong>cum</strong></span> <span class='ocrx_word' id='word_1_329' title='bbox 1218 4144 1318 4206; x_wconf 91' lang='lat' dir='ltr'><strong>verbo</strong></span> 
     </span>
     <span class='ocr_line' id='line_1_38' title="bbox 178 4242 1319 4329; baseline 0.006 -29"><span class='ocrx_word' id='word_1_330' title='bbox 178 4242 366 4310; x_wconf 85' lang='lat' dir='ltr'><strong>coniunctus.</strong></span> <span class='ocrx_word' id='word_1_331' title='bbox 407 4247 455 4324; x_wconf 88' lang='grc' dir='ltr'><strong>ΙΙ,</strong></span> <span class='ocrx_word' id='word_1_332' title='bbox 483 4249 581 4313; x_wconf 80' lang='lat'>1137:</span> <span class='ocrx_word' id='word_1_333' title='bbox 614 4255 713 4329; x_wconf 86' lang='lat' dir='ltr'><strong>largos</strong></span> <span class='ocrx_word' id='word_1_334' title='bbox 742 4256 898 4310; x_wconf 84' lang='lat' dir='ltr'><strong>exaestuat</strong></span> <span class='ocrx_word' id='word_1_335' title='bbox 921 4257 1033 4310; x_wconf 84' lang='lat' dir='ltr'><strong>aestus.</strong></span> <span class='ocrx_word' id='word_1_336' title='bbox 1078 4246 1135 4324; x_wconf 90' lang='lat' dir='ltr'><strong>Vl,</strong></span> <span class='ocrx_word' id='word_1_337' title='bbox 1161 4249 1240 4308; x_wconf 79' lang='lat'>816:</span> <span class='ocrx_word' id='word_1_338' title='bbox 1266 4246 1319 4307; x_wconf 72' lang='lat' dir='ltr'><strong>laos</strong></span> 
     </span>
    </p>
   </div>
   <div class='ocr_carea' id='block_1_5' title="bbox 180 4332 1317 4503">
    <p class='ocr_par' dir='ltr' id='par_1_7' title="bbox 180 4332 1317 4503">
     <span class='ocr_line' id='line_1_39' title="bbox 180 4332 1317 4432; baseline -0.006 -17"><span class='ocrx_word' id='word_1_339' title='bbox 180 4332 260 4421; x_wconf 77' lang='lat' dir='ltr'><strong>lgitur</strong></span> <span class='ocrx_word' id='word_1_340' title='bbox 275 4355 364 4414; x_wconf 88' lang='lat' dir='ltr'><strong>tellus</strong></span> <span class='ocrx_word' id='word_1_341' title='bbox 385 4351 481 4412; x_wconf 76' lang='lat' dir='ltr'><strong>omnic</strong></span> <span class='ocrx_word' id='word_1_342' title='bbox 501 4356 661 4413; x_wconf 68' lang='lat' dir='ltr'><strong>reaestuat</strong></span> <span class='ocrx_word' id='word_1_343' title='bbox 677 4356 791 4422; x_wconf 78' lang='lat' dir='ltr'><strong>cestus,</strong></span> <span class='ocrx_word' id='word_1_344' title='bbox 817 4348 899 4412; x_wconf 90' lang='lat' dir='ltr'><strong>etin</strong></span> <span class='ocrx_word' id='word_1_345' title='bbox 916 4347 1046 4432; x_wconf 87' lang='lat' dir='ltr'><strong>passivo</strong></span> <span class='ocrx_word' id='word_1_346' title='bbox 1064 4348 1131 4426; x_wconf 90' lang='grc' dir='ltr'>ΙΙΙ,</span> <span class='ocrx_word' id='word_1_347' title='bbox 1150 4350 1210 4412; x_wconf 80' lang='grc'><strong>569</strong></span> <span class='ocrx_word' id='word_1_348' title='bbox 1228 4369 1317 4429; x_wconf 78' lang='lat' dir='ltr'><strong>sqq:</strong></span> 
     </span>
     <span class='ocr_line' id='line_1_40' title="bbox 226 4445 1104 4503; baseline -0.005 -11"><span class='ocrx_word' id='word_1_349' title='bbox 226 4445 294 4502; x_wconf 73' lang='lat' dir='ltr'><strong>Holus,</strong></span> <span class='ocrx_word' id='word_1_350' title='bbox 306 4454 455 4494; x_wconf 63' lang='lat' dir='ltr'><strong>Linamenta.</strong></span> <span class='ocrx_word' id='word_1_351' title='bbox 1088 4457 1104 4503; x_wconf 82' lang='lat'><strong>3</strong></span> 
     </span>
    </p>
   </div>
   <div class='ocr_carea' id='block_1_6' title="bbox 0 0 1476 4934">
    <p class='ocr_par' dir='ltr' id='par_1_8' title="bbox 0 0 1476 4934">
     <span class='ocr_line' id='line_1_41' title="bbox 0 0 1476 4934; baseline 0 0"><span class='ocrx_word' id='word_1_352' title='bbox 0 0 1476 4934; x_wconf 95' lang='lat' dir='ltr'><strong> </strong></span> 
     </span>
    </p>
   </div>
  </div>
 </body>
</html>
