2874 4934
139 361 193 420 48·
548 371 720 416 sussrsur.
744 371 816 417 osr.
834 370 885 417 111.

137 565 290 608 mannus.
320 565 352 604 v.
375 544 455 605 4623
482 551 581 604 cetera
605 547 642 604 de
666 565 776 623 genere
799 548 858 605 hoc
880 541 1004 604 abacti
1026 548 1127 607 mults
1150 547 1299 607 videmus.

137 670 169 709 v.
188 649 266 710 567:
289 650 597 726 obsignanst'ormam
616 643 710 706 uerbi.
743 643 797 705 Sic
817 665 876 727 pro
892 643 990 706 serbis
1005 644 1144 708 Lachm.
1166 666 1200 708 v.
1220 646 1299 709 602:

137 755 239 831 qualia
262 755 335 811 sunt
358 746 459 808 vitra.
497 768 527 809 v.
552 746 630 808 7413
656 770 760 809 verum
785 751 838 809 ubi
863 746 932 830 equi
955 770 1026 810 cusu
1049 754 1146 830 atque
1169 746 1300 810 00111ὴὲ1

138 856 280 914 convenit
300 856 409 930 imago.
440 871 471 910 v.
494 849 572 910 983:
596 858 627 911 et
647 873 819 912 consessum
840 872 961 912 cernere
982 855 1112 914 eundem
1133 849 1296 932 scenaique

138 959 227 1017 simul
250 958 346 1017 varios
366 955 524 1032 splendere
546 955 677 1013 decores.
711 973 742 1013 v.
766 953 865 1013 10503
890 956 1021 1033 primum
1046 949 1172 1014 Veneris
1194 951 1295 1013 derlee·

138 1055 267 1118 (lesuin
288 1079 339 1116 cor
358 1058 487 1116 stillavit
506 1061 605 1134 gutta.
638 1073 668 1113 v.
688 1055 787 1114 1286:
811 1058 917 1134 guttas
938 1090 969 1101 ·-
990 1053 1112 1117 11110νὲ1.
1146 1075 1179 1117 v.
1198 1056 1294 1118 llld:

138 1182 230 1240 parva
248 1163 283 1220 fit
305 1155 425 1217 ardoris
445 1153 574 1217 violenti
594 1178 688 1236 pausa
707 1139 876 1237 parumper.
913 1176 945 1217 v.
970 1158 1070 1219 1200:
1097 1164 1130 1220 et
1150 1162 1293 1220 Venerem
1344 1180 1346 1185 ’

138 1259 302 1321 salientum
328 1264 408 1320 laeta
432 1266 586 1319 retractat.
622 1258 778 1319 ν.12153
813 1255 843 1317 V
838 1257 937 1319 meris
961 1262 1103 1321 stimulis.
1140 1260 1173 1320 ν’.
1197 1261 1289 1323 12041

138 1387 220 1425 more
240 1359 398 1445 serarum.
440 1357 481 1434 V,
509 1360 525 1420 7
536 1382 543 1418 3
573 1365 714 1422 maiestas
738 1364 861 1440 cognita
884 1380 996 1422 reram.
1038 1382 1068 1423 v.
1095 1362 1154 1424 34:
1181 1360 1292 1423 arboris

138 1469 294 1545 amplexus
309 1466 426 1543 stirpes.
449 1486 477 1523 v.
488 1463 546 1522 45:
564 1471 695 1542 quantae
710 1470 778 1523 tum
793 1465 938 1525 scindunt
952 1468 1108 1526 hominem
1117 1460 1292 1543 cuppedinis

138 1590 219 1628 acres
243 1568 409 1628 sollicitum
433 1586 531 1625 curse.
567 1585 598 1624 v.
624 1565 679 1626 51:
706 1588 831 1626 numero
855 1563 963 1626 1111011.
996 1586 1028 1626 v.
1051 1566 1107 1628 64:
1133 1588 1216 1628 nunc
1239 1570 1293 1627 huc

139 1667 271 1729 rationis
287 1670 401 1728 detulit
415 1669 513 1727 ordo.'
530 1687 561 1726 v.
581 1666 637 1728 671
661 1683 837 1747 congressus
852 1665 1006 1728 materiai.
1038 1688 1071 1728 v.
1089 1668 1169 1730 2113
1188 1666 1298 1729 1111αρ

139 1795 198 1852 que
221 1775 329 1833 solum.
368 1789 400 1829 v.
428 1769 505 1830 586:
523 1767 668 1850 flammae
692 1772 764 1830 dum
788 1778 902 1831 tremor
925 1777 972 1831 est
996 1775 1102 1831 clarus.
1142 1768 1299 1830 Flamma

140 1871 261 1935 adiecit
281 1871 526 1932 Lachmannus.
558 1891 590 1930 v.
609 1871 686 1931 599:
709 1876 861 1934 elementa
879 1871 1012 1950 vaporis.
1045 1869 1100 1933 Sic
1116 1867 1304 1932 Lambinus

140 1996 198 2058 pro
212 1995 334 2055 uapore.
373 1994 404 2032 v.
429 1973 505 2034 7003
528 1976 679 2034 radiatum
703 1977 822 2053 insigne
844 1972 918 2033 diec'.
957 1995 988 2034 v.
1012 1973 1089 2036 7213
1110 1977 1307 2055 Babylonica

145 2076 331 2139 Chaldaeum
357 2079 504 2137 doctrina.
535 2095 568 2136 v.
593 2075 670 2135 753:
696 2082 808 2137 terram
833 2080 986 2138 secludere
1010 2074 1085 2136 solis
1108 2079 1235 2143 lamine.
1266 2096 1302 2137 v.

142 2181 242 2242 113οι
264 2185 428 2258 angustum
449 2202 503 2258 per
524 2182 582 2239 iter
604 2181 761 2239 luctantes.
777 2175 962 2238 ambitionis.
994 2198 1025 2238 v.
1049 2176 1147 2240 11373
1172 2182 1308 2260 pristim

140 2286 282 2344 maiestas
301 2278 455 2341 subieram.
488 2301 520 2340 v.
539 2281 638 2341 1220:
650 2277 804 2362 fulminis
823 2283 961 2341 horribili
982 2302 1050 2341 cum
1072 2284 1164 2362 plaga
1183 2284 1313 2343 torrida-

139 2387 232 2445 tellus
252 2386 426 2443 contremit.
455 2402 487 2442 v.
506 2382 605 2443 1227:
628 2386 874 2462 induperatorem
894 2380 1013 2442 elassis.
1045 2402 1077 2442 v.
1102 2381 1202 2445 18073
1228 2379 1307 2443 belli

140 2489 314 2547 terroribus.
345 2504 378 2543 u.
403 2485 500 2545 141οι
523 2489 667 2547 maiorem
687 2488 803 2546 interea
822 2488 949 2566 capiunt
968 2481 1134 2544 dulcediai’
1156 2489 1306 2547 fructum

141 2586 195 2649 Sic
218 2584 400 2660 Lambinus
416 2607 474 2668 pro
497 2585 669 2647 dulcedine.
708 2583 769 2662 VI,
788 2587 850 2647 206
866 2607 934 2667 sq.:
960 2590 1075 2648 semina
1099 2590 1183 2667 quod
1205 2591 1307 2650 nubes

114 2680 219 2772 'ipsas
249 2693 402 2771 permulta
430 2699 584 2750 necessust
613 2687 695 2766 ipsis
724 2693 843 2750 hebere.
883 2709 916 2749 r.
943 2689 1022 2749 2203
1053 2688 1177 2768 uaporis
1204 2694 1304 2771 signa.

146 2790 262 2871 Vespere
277 2788 428 2872 impressi
444 2809 569 2851 omnes.
595 2811 625 2852 v,
638 2791 718 2852 3823
736 2793 848 2853 indicia
864 2789 1000 2851 occultae
1013 2794 1118 2852 divum
1128 2795 1305 2873 perquirere

140 2892 261 2954 mentia.
300 2914 332 2954 v.
359 2893 439 2956 386:
460 2889 614 2974 fulminis
642 2897 731 2955 ictus.
777 2913 809 2954 v.
836 2894 914 2954 5483
946 2900 977 2954 et
1007 2898 1126 2970 merito,
1156 2898 1304 2976 quonism

135 2993 275 3075 plaustri
297 3017 441 3057 concussa
461 3001 648 3057 tremescunt
668 3000 760 3071 tectu,
780 3000 860 3058 viam
875 3003 1008 3076 propter,
1024 3018 1085 3057 non
1100 3018 1212 3077 magno
1228 3022 1304 3080 pon·

142 3103 213 3160 dere
232 3106 308 3160 tota.
333 3086 394 3158 'sic
410 3094 643 3158 Lachmaunus
663 3116 721 3179 pro
738 3096 903 3176 plaustris,
924 3095 958 3157 id
979 3101 1032 3158 est
1051 3096 1117 3158 levi
1136 3097 1299 3180 plaustro.

141 3223 173 3262 v.
192 3202 268 3262 632:
295 3224 360 3263 oras
384 3197 478 3259 moris
501 3203 636 3280 undique
660 3204 793 3279 cingens.
810 3220 856 3279 ,1.
875 3199 952 3260 698:
976 3208 1008 3261 ct
1029 3208 1188 3281 penetrare
1207 3200 1305 3263 maris

141 3308 263 3385 penitus
288 3310 428 3384 percocta
450 3305 493 3362 im
517 3310 664 3382 apertum.
697 3299 750 3362 Sic
772 3300 910 3398 Lachmo.
937 3323 994 3384 pro
1016 3307 1091 3364 mari
1112 3309 1236 3385 penitus
1256 3328 1302 3368 res

11 3432 21 3447 ·
142 3410 225 3485 cogit
240 3412 354 3486 aperto.
385 3424 416 3464 v.
436 3403 513 3465 746:
536 3407 650 3466 cadunt
670 3437 701 3448 —
722 3408 754 3466 in
775 3412 887 3467 terram
907 3440 938 3449 -
958 3410 1063 3467 autin
1079 3429 1198 3487 aquam,
1214 3416 1263 3469 est
1277 3413 1301 3469 si

141 3513 220 3570 forte
251 3511 332 3568 lacus
363 3509 533 3568 substratus
564 3504 688 3567 Averni.
729 3504 786 3566 L.:
811 3505 1036 3583 ‚‚bambinus‚
1064 3506 1176 3569 neseio
1201 3508 1300 3586 unde,

142 3611 301 3684 Averuost,
326 3628 403 3669 casu
424 3605 565 3669 nominis
587 3628 700 3690 parum
717 3613 835 3691 apto.“
863 3630 896 3669 v.
914 3610 977 3672 804
993 3630 1059 3691 sq.:
1077 3618 1109 3672 at
1125 3635 1193 3674 cum
1208 3636 1302 3676 mem·

141 3716 197 3774 bra
211 3710 314 3772 domus
329 3716 465 3792 percepit
480 3715 625 3773 fervidior
638 3715 693 3787 vis,
709 3719 777 3773 tum
792 3716 828 3773 fit
842 3715 917 3772 odor
931 3711 993 3773 uiri
1008 3717 1116 3794 plagae
1130 3720 1303 3779 mactabilis

142 3820 246 3876 instar.
277 3812 382 3875 Recte
403 3811 596 3876 emendator
616 3810 678 3873 oiri
697 3834 755 3896 pro
771 3812 848 3890 siai,
871 3811 926 3893 qui
946 3812 1122 3896 genetivus
1144 3813 1179 3901 (a
1200 3816 1301 3902 airas)

143 3920 195 3976 est
211 3913 245 3977 in
260 3913 344 3977 libro
361 3913 409 3992 ΙΙ,
426 3917 500 3979 ete.
527 3913 589 3992 VI,
607 3917 686 3978 808:
709 3918 839 3997 denique
859 3920 912 3978 ubi
928 3917 1049 3996 aspecti
1064 3941 1155 3980 venas
1170 3919 1304 4002 acutique

142 4026 294 4094 secuntur,
314 4055 346 4064 —-
367 4024 465 4099 qualis
481 4023 597 4101 expiret
612 4022 810 4100 Scaptensula
824 4023 930 4082 subter
944 4023 1072 4085 odores?
1092 4040 1123 4082 v.
1137 4023 1216 4083 825:
1233 4028 1303 4086 reli-

143 4125 228 4203 quias
252 4119 334 4182 vitae
357 4116 500 4183 membris
525 4145 560 4184 ex
583 4125 722 4183 omnibus
747 4126 854 4183 aufert.
889 4143 921 4183 v.
949 4123 1033 4185 8741
1052 4132 1207 4205 praeterea
1230 4130 1302 4188 solis

142 4228 233 4286 radiis
253 4227 384 4286 iactatur
404 4221 497 4305 aquai
518 4246 612 4285 umor.
643 4244 675 4284 v.
693 4224 771 4285 890:
796 4229 874 4286 endo
894 4231 999 4288 marist
1019 4226 1118 4287 Aradi
1137 4231 1215 4289 fons.
1247 4225 1302 4289 Sic

143 4324 284 4387 Iacobus
300 4322 501 4407 Bernaysius
524 4329 558 4385 et
573 4322 806 4388 Lachmannus
825 4347 884 4408 pro
907 4332 985 4389 endo
1005 4333 1095 4392 maris
1116 4339 1203 4409 parat
1224 4336 1301 4395 fons.
