2916 4934
372 295 471 339 orsus
491 295 792 339 sussrnurrvonun.
818 295 1009 338 ouuurrvvs.
1224 276 1266 338 19

74 484 111 527 v.
132 464 229 527 95⁷:
252 472 288 527 et
303 472 489 547 tempestate
503 469 536 527 in
551 473 631 527 terra
646 470 788 546 caeloque
804 473 916 540 coorta,
936 469 967 526 in
983 469 1098 527 eaelum
1114 472 1268 544 terrasque

71 571 233 627 remotae
259 571 332 629 iura
349 572 509 629 fecenunt.
540 566 582 627 V.
605 566 646 628 de
666 564 938 649 interpretatione
961 564 1057 627 huius
1078 564 1269 627 1011111111-

10 736 12 741 ,
70 688 267 729 mannum
284 666 510 751 (tempestatis
526 666 560 730 in
576 668 703 730 caelum
716 674 885 750 terrasque
901 667 1065 730 resolutae
1081 666 1152 729 iura
1167 665 1271 728 faoes·

10 750 27 841 l'
69 770 185 851 sere).
225 790 269 831 v.
289 771 371 833 958:
394 758 639 853 quandoquidem
661 775 706 833 nil
725 779 771 834 est
790 776 848 834 nisi
869 795 936 833 raro
952 769 1080 851 eorpori’
1097 795 1184 832 nexu.
1216 767 1270 830 Sia

67 870 242 933 Lachm.
263 892 329 955 pro
344 878 423 937 nihil
438 882 484 936 est
499 878 557 936 nisi
571 898 638 936 raro
653 896 776 955 corpore
792 898 911 936 nexum.
941 895 972 934 v.
992 874 1090 935 1006:
1108 875 1272 954 primordia

55 973 178 1059 ferri.
219 996 264 1035 v.
287 975 391 1038 1148:
417 974 499 1036 vocis
518 980 566 1038 via
585 984 688 1058 saepta
708 980 817 1038 coibat.
848 997 880 1036 v.
903 975 1001 1037 1153:
1027 973 1107 1036 vitai
1131 979 1270 1036 claustra.

66 1098 103 1139 v.
119 1076 230 1141 1157
244 1099 254 1137 :
272 1074 334 1139 teti
346 1081 407 1139 iam
417 1081 521 1139 limine
530 1083 562 1140 in
572 1082 647 1160 ipso.
668 1076 761 1139 Infra
776 1099 807 1139 v.
822 1080 903 1139 1208
921 1081 1026 1139 limina
1041 1081 1105 1138 leti.
1128 1098 1158 1137 v.
1173 1076 1269 1138 1177:

66 1205 134 1243 nee
159 1185 310 1262 requies
333 1187 397 1243 erat
418 1183 481 1241 ulla
499 1179 586 1241 orati.
617 1201 649 1241 v.
674 1182 772 1242 1205:
797 1184 976 1262 profluvium
997 1203 1085 1260 porro
1105 1183 1157 1259 qui
1179 1176 1272 1237 taetri

65 1280 272 1362 sanquim'r
287 1304 358 1343 aare
374 1286 495 1344 exierat.

172 1381 385 1465 Coniungit
400 1382 575 1446 Lueretius
592 1389 709 1446 neutra
724 1381 962 1445 adieetivorum
978 1387 1012 1443 et
1028 1380 1273 1465 participiorum

65 1485 169 1572 perf.
190 1507 303 1571 pass.
323 1484 358 1547 in
372 1484 492 1569 plurali
508 1484 692 1569 positorum
708 1506 782 1547 ourn
797 1483 961 1566 genetivis
979 1483 1273 1560 substantivorum,

65 1590 113 1652 de
133 1610 221 1671 quo
250 1585 336 1649 vide
351 1587 477 1671 Reisig.
495 1609 633 1675 gramm.
652 1586 711 1650 lat.
729 1610 761 1670 p.
781 1589 841 1650 636
858 1586 968 1667 ibique
986 1584 1144 1648 Haasium
1160 1584 1273 1647 adnot.

65 1695 157 1757 524.
220 1688 290 1753 Sie
307 1688 338 1766 I,
356 1693 397 1753 86
412 1695 509 1773 prima
526 1695 668 1753 virorum.
698 1688 823 1767 1,315:
844 1694 1078 1772 strataqueiam
1093 1694 1176 1769 volgi
1192 1692 1275 1770 pedi-

63 1801 131 1859 bus
163 1797 312 1875 detrita
334 1791 464 1854 viarum.
500 1791 562 1869 IV,
585 1795 663 1856 415:
690 1801 786 1855 strata
808 1797 933 1855 viarum.
965 1791 1026 1867 VI,
1050 1792 1112 1853 332
1136 1798 1277 1872 penetrat

63 1923 129 1982 per
146 1917 251 1959 rara
268 1892 405 1955 viarum.
423 1893 452 1971 I,
464 1896 541 1957 8101
559 1894 750 1976 sublimaque
760 1893 849 1956 raeti.
867 1893 915 1970 ΙΙ,
929 1895 1010 1956 1100
1027 1898 1102 1956 caeli
1117 1929 1148 1937 —
1163 1916 1275 1954 serena.

62 2000 97 2079 I,
125 1999 242 2087 1090
275 2000 315 2058 et
339 1995 399 2073 VI,
422 1998 463 2059 96
488 2002 607 2059 caerula
630 2001 714 2059 caeli.
754 1995 783 2073 I,
807 1997 885 2058 659:
912 2000 1004 2058 ardua
1028 1999 1101 2057 dum
1124 2002 1277 2070 metuunt,

61 2106 262 2167 amittunt
277 2118 355 2159 vera
372 2096 447 2159 viat.
478 2098 539 2175 IV,
557 2099 635 2160 361:
658 2122 795 2161 saxorum
814 2106 938 2161 structa.
972 2095 1001 2173 I,
1018 2098 1080 2159 189
1101 2121 1154 2178 per
1172 2100 1278 2176 saepta

61 2207 265 2268 domorum
293 2204 408 2262 elamor
427 2205 453 2263 it
474 2224 508 2262 ao
531 2224 628 2263 voees.
659 2199 721 2277 VI,
739 2202 800 2262 859
826 2208 913 2282 septa
936 2204 1104 2262 domorum.
1137 2197 1197 2275 VI,
1216 2199 1276 2260 951

60 2334 128 2392 per
167 2304 337 2383 dissepta
364 2302 515 2364 domorum
546 2326 633 2366 saxea
662 2326 750 2365 voees
781 2308 975 2384 pervolitant.
1015 2301 1062 2377 ΙΙ,
1089 2303 1151 2364 115
1182 2323 1275 2382 opaea

60 2417 283 2475 domorum.
318 2402 380 2482 IV,
396 2406 474 2467 612:
500 2410 573 2467 dum
596 2410 708 2468 transit
734 2405 839 2466 clauso
865 2405 1027 2465 domorum.
1074 2402 1215 2464 Versum
1239 2400 1273 2462 in

62 2515 147 2578 fine
178 2505 364 2573 mutilum
388 2506 532 2590 suplevit
555 2506 788 2569 Lachmannus
814 2527 854 2568 ex
878 2490 961 2568 libro
987 2505 1015 2582 Ι,
1038 2506 1115 2581 351,
1141 2502 1197 2566 ubi
1222 2507 1274 2565 est

62 2624 178 2682 Inter
194 2616 325 2692 saepta
333 2619 435 2673 meant
444 2634 531 2672 voees
545 2619 577 2673 et
591 2616 691 2673 clausa
700 2614 857 2672 domorum
868 2613 1104 2672 Transvolitant.
1120 2605 1181 2681 VI,
1195 2607 1272 2667 561:

65 2742 166 2802 quae
191 2720 287 2778 sunt
309 2715 447 2773 exonera
468 2712 631 2773 domorum.
649 2710 710 2788 VI,
723 2713 783 2774 990
804 2720 927 2794 propter
942 2715 1119 2773 dissimilem
1135 2717 1275 2771 naturam

67 2826 262 2900 textaque
277 2833 392 2875 rerum.

181 2915 259 2983 Ad
289 2913 483 2997 genetivum
513 2914 684 2997 qualitatis
717 2913 888 2977 referenda
919 2919 970 2976 est
1004 2912 1103 2976 etiarn
1135 2910 1276 2973 formula
1318 2923 1327 2941 ¹

74 3016 276 3088 Lucretio
298 3016 475 3079 admodum
494 3016 704 3099 frequentata
723 3039 778 3078 nee
792 3038 837 3078 me
852 3017 948 3078 animi
956 3016 1072 3101 follit,
1091 3013 1136 3075 sio
1153 3013 1182 3092 I,
1200 3015 1273 3076 136.

78 3130 172 3191 922.
192 3120 251 3199 V,
269 3119 326 3184 97.
371 3118 456 3183 Vide
471 3119 625 3182 Lindem.
645 3119 685 3181 ad
702 3119 812 3220 Plaut.
829 3117 903 3181 Mil.
921 3118 1006 3199 glor.
1023 3116 1091 3194 III,
1109 3120 1139 3194 1,
1159 3119 1232 3179 124.

459 3378 497 3427 11.
535 3378 933 3428 Genetivusobisetivus.
1012 3362 1015 3367 ’

193 3532 231 3615 a)
259 3528 347 3592 Gen.
359 3527 555 3612 quantitatis.
581 3528 656 3592 Huo
672 3527 817 3611 pertinet
830 3527 969 3611 primum
981 3525 1155 3608 genetivus
1165 3524 1276 3607 pretii,

100 3635 191 3715 utI,
211 3632 301 3697 817:
324 3636 428 3713 magni
442 3636 544 3695 refert.
575 3631 604 3710 1,
622 3634 683 3695 908
705 3637 862 3713 permagni
879 3636 998 3693 referre.
1032 3628 1080 3706 II,
1099 3631 1158 3692 760
1175 3633 1278 3710 magni

104 3744 193 3823 quod
213 3739 326 3799 refert.
356 3730 405 3810 II,
422 3735 484 3796 883
501 3756 550 3815 sq.
574 3740 676 3816 magni
698 3773 728 3780 -
748 3740 871 3810 referre,
893 3731 975 3794 item
990 3753 1021 3793 v.
1040 3733 1113 3793 891.
1137 3730 1198 3809 IV,
1216 3732 1278 3794 981

108 3848 144 3905 et
159 3838 256 3905 1257
267 3860 275 3897 :
300 3840 485 3919 usqueadeo
501 3836 603 3916 11119111
619 3836 724 3920 refert.
757 3858 788 3897 v.
807 3837 905 3898 10611
928 3838 960 3897 id
982 3858 1101 3916 quoque
1118 3830 1278 3913 perrroqna'

109 3948 219 4009 refert.
253 3937 299 4017 V,
317 3940 394 4002 545:
421 3944 525 4020 magni
550 3944 651 4001 refert.
682 3937 743 4015 Vl,
761 3939 844 4000 1276
861 3958 909 4017 sq.
936 3941 1039 4017 magni
1059 3940 1278 4018 pendebantur.

110 4042 251 4109 Deinde
272 4061 351 4124 gen.
373 4040 531 4103 materiae.
564 4040 612 4117 ΙΙ,
630 4042 691 4103 663
713 4045 836 4103 flumine
858 4043 955 4120 aquai.
986 4037 1029 4114 V,
1046 4040 1107 4100 919
1125 4058 1191 4117 sq.:
1215 4042 1279 4119 qui·

110 4154 171 4212 bus
193 4172 212 4211 e
234 4148 357 4209 seibant
380 4142 488 4205 omori'
508 4149 623 4205 fluenta
646 4148 762 4205 lubrica
787 4148 923 4224 proluvie
951 4146 1034 4221 larga
1058 4145 1156 4202 lavere
1178 4144 1281 4201 umida

114 4274 195 4315 saxa.
244 4244 301 4309 Sie
320 4245 458 4307 Laohm.
483 4265 548 4307 seo.
571 4243 759 4308 Bentleium
784 4265 842 4327 pro
869 4263 980 4305 umore.
1014 4265 1044 4303 v.
1064 4245 1163 4305 11181
1184 4241 1266 4321 pelli

168 4352 261 4397 florus,
275 4348 425 4389 Linamenta.
1050 4349 1068 4396 4
