2916 4934
249 366 291 427 34
655 382 829 426 sonsum.
860 383 934 426 cnr.
950 383 1002 425 m.

248 557 318 615 ideo
333 557 475 614 conclusa
490 557 645 611 morentur
659 551 825 635 sensiferos
840 557 948 622 ructas,
965 571 1039 634 quos
1054 559 1137 613 extra
1152 575 1258 633 corpus
1278 589 1308 596 -
1329 557 1407 614 haut

248 663 377 736 possunt
402 691 433 699 -
459 653 582 714 mereri.
613 652 742 716 Deinde
762 654 826 714 huc
847 652 1015 736 pertinent
1034 660 1151 715 nent-ra
1170 652 1407 715 adjectivorum

249 763 283 819 et
307 755 536 840 pronominum
562 755 693 816 obiecta
717 754 826 816 verbis
850 754 978 832 addita,
1005 754 1105 817 etiam
1128 754 1345 817 intransitivis
1371 762 1407 817 et

248 857 400 943 passivis,
431 858 460 934 I,
478 860 556 921 398:
579 865 716 940 quamvis
736 863 886 920 causando
905 859 1002 919 inulta
1023 864 1155 922 moreris.
1185 857 1227 934 V,
1245 859 1407 920 19631111-

247 968 341 1024 ritata
355 987 464 1024 canum
479 986 547 1022 cnm
568 967 699 1043 primum
720 961 841 1021 inruens
855 967 1023 1023 Molossum
1042 967 1146 1024 mollia
1164 967 1240 1023 ricta
1260 966 1406 1024 fremunt.

248 1063 302 1126 Sic
322 1064 459 1126 Lachm.
482 1085 540 1146 pro
561 1086 681 1142 11139113.
714 1064 776 1140 IV,
800 1065 900 1126 1274:
924 1063 1018 1145 idque
1041 1088 1095 1126 sna
1113 1088 1202 1125 causa
1220 1072 1409 1126 consuerunt

247 1176 347 1229 scorta
361 1165 484 1226 :noceri
516 1165 564 1241 11,
582 1170 661 1227 455:
681 1177 712 1228 et
727 1192 887 1248 procursus
902 1171 977 1228 item
986 1166 1125 1246 procliue
1139 1170 1280 1228 volubilis
1295 1173 1406 1227 exstat.

247 1268 401 1330 Lachm.:
422 1266 579 1344 „Gellius
600 1266 693 1358 11111,
712 1271 753 1330 24
774 1274 904 1329 vet-eres
917 1268 1057 1348 procliue
1076 1274 1110 1329 et·
1127 1266 1257 1346 procliui
1276 1266 1407 1329 indiffe-

247 1378 358 1433 renter
372 1369 522 1454 posuisse
539 1369 631 1447 dicit,
649 1369 747 1451 idque
762 1370 810 1431 ita
826 1377 864 1430 ut
879 1391 918 1431 ea
931 1369 1160 1431 adverbiorum
1169 1369 1242 1430 loco
1252 1369 1409 1431 habenda

248 1495 320 1535 esse
342 1471 423 1533 satis
446 1471 609 1534 indicet.“
641 1472 819 1556 Praecipue
840 1471 1028 1534 adamatum
1044 1472 1199 1534 Lucretio
1220 1477 1406 1533 estmutca.

247 1576 296 1652 II,
316 1577 370 1638 76:
391 1581 472 1637 inter
491 1601 522 1637 se
543 1581 686 1638 mortales
706 1581 811 1636 1111111111
827 1581 944 1638 vivunt.
975 1574 1042 1651 III,
1060 1578 1138 1637 801:
1160 1580 1272 1657 quippe
1290 1581 1407 1637 etenim

248 1684 376 1741 mortale
396 1687 518 1740 aeterno
538 1685 663 1760 iungere
685 1688 717 1741 et
737 1703 799 1741 una
819 1684 990 1740 consentire
1011 1686 1117 1759 putare
1137 1686 1169 1739 ct
1178 1676 1279 1761 sitnyi
1298 1682 1408 1737 aculco

248 1807 334 1863 posse
351 1786 525 1862 desiperest.
547 1779 609 1857 IV,
627 1783 687 1843 947
705 1790 812 1843 mutua
827 1786 923 1861 fungi.
945 1779 1007 1856 IV,
1019 1781 1095 1842 325:
1112 1805 1128 1842 e
1143 1784 1227 1841 laevo
1243 1784 1284 1841 sit
1297 1784 1408 1840 mutata

248 1889 362 1946 dexter.
404 1883 447 1959 V,
474 1886 571 1946 1100:
607 1892 638 1945 et
671 1889 765 1945 micat
798 1888 953 1945 interdum
987 1888 1116 1944 flammai
1146 1887 1277 1944 fervidus
1307 1886 1409 1959 ardor,

247 1992 353 2046 :critico
370 1991 442 2047 dnm
458 1992 539 2048 inter
553 2011 584 2048 sc
600 1993 675 2048 rami
690 1992 860 2069 stirpesque
875 1994 1025 2047 teruntur.
1054 1983 1120 2060 ΙΙΙ,
1137 1988 1179 2046 44
1194 2008 1249 2046 nec
1269 2021 1300 2029 —
1321 1983 1408 2066 quic·

248 2111 338 2171 quam
353 2097 474 2151 nostrae
488 2094 614 2151 rationis
630 2114 728 2171 cgere.
759 2111 791 2150 v.
809 2091 870 2150 850
891 2093 1043 2171 pertineat
1062 2086 1220 2170 quicquam
1239 2125 1269 2132 -
1289 2091 1330 2149 ad
1351 2112 1409 2148 nos

248 2196 281 2252 id
304 2228 336 2235 -
362 2197 486 2253 sactum.
517 2191 564 2267 II,
589 2193 650 2254 650
675 2192 725 2252 nic
745 2197 852 2272 indiga
875 2196 980 2253 nostri.
1011 2211 1044 2250 v.
1061 2192 1140 2252 815:
1164 2195 1238 2251 scire
1261 2194 1336 2251 licet
1358 2188 1411 2249 nil

249 2298 405 2374 principiis
424 2319 499 2375 opus
518 2319 582 2356 csse
602 2300 725 2357 colores.
756 2316 789 2355 v.
808 2294 907 2356 1277:
928 2296 1107 2373 coniugibus
1127 2297 1208 2373 quod
1227 2290 1276 2352 nil
1293 2297 1409 2354 nostris

249 2420 324 2476 opus
349 2421 412 2458 esse
435 2402 565 2459 videtur.
596 2396 638 2473 V,
663 2399 741 2460 263:
766 2397 816 2457 nil
837 2422 912 2477 opus
936 2403 983 2457 est
1007 2399 1114 2457 verbis.
1149 2392 1211 2470 IV,
1237 2395 1311 2457 718:
1338 2417 1409 2456 cum

248 2506 351 2561 tamen
366 2505 441 2561 haec
456 2508 572 2562 nostras
587 2505 665 2562 acies
680 2500 730 2560 nil
749 2505 867 2562 laedere
882 2503 1008 2580 possint.
1039 2496 1082 2573 V,
1100 2500 1177 2559 265:
1200 2505 1235 2558 ut
1253 2496 1302 2556 nal
1320 2521 1411 2559 umor

248 2605 393 2663 abundet.
418 2603 519 2662 Porro
536 2608 667 2684 spectat
682 2602 747 2663 huc
762 2599 1038 2682 interrogativum
1053 2599 1140 2683 quid,
1157 2606 1196 2660 ut
1210 2598 1258 2676 II,
1275 2600 1316 2661 53
1333 2599 1412 2681 quid

250 2707 380 2765 dubitas.
412 2703 479 2781 ΙΙΙ,
503 2707 537 2766 6:
559 2704 636 2787 quid
654 2709 735 2767 enim
756 2709 922 2766 contendat
942 2709 1074 2765 hirundo
1089 2708 1200 2784 cycnis.
1230 2701 1313 2762 Tum
1328 2701 1412 2783 quod

251 2803 451 2867 coniunctio.
488 2805 791 2882 Ι,94.152.173;
817 2813 929 2869 haere
957 2841 988 2852 -
1018 2806 1106 2888 quod.
1139 2807 1212 2867 352.
1235 2805 1308 2866 742.
1331 2805 1408 2866 746.

250 2909 345 2969 1991.
377 2908 424 2983 II,
442 2910 519 2970 630:
542 2915 623 2971 inter
642 2936 672 2971 se
689 2916 766 2972 sorte
782 2910 863 2992 qaod
876 2915 966 2971 armis
982 2913 1102 2970 ludunt.
1133 2906 1201 2982 ΙΙΙ,
1218 2910 1251 2967 6:
1273 2894 1354 2987 quod
1375 2914 1410 2967 te

250 3015 361 3071 imitari
377 3034 460 3073 aveo.
492 3013 545 3072 29.
561 3014 614 3073 41.
632 3014 684 3075 47.
704 3015 802 3074 1005:
823 3012 903 3094 quod
920 3016 1038 3073 faciunt
1057 3015 1144 3073 nobis
1163 3032 1309 3071 annorum
1328 3016 1409 3070 tem·

249 3137 322 3194 pora
343 3118 466 3175 vietum.
497 3112 746 3189 111,194.196.
779 3137 810 3175 v.
829 3116 911 3177 1121
935 3119 970 3174 et
986 3115 1084 3176 1122:
1107 3112 1185 3172 adde
1200 3110 1289 3194 quod,
1312 3108 1408 3172 cuius

250 3214 469 3296 copulationis
498 3214 563 3277 alia
593 3217 743 3299 exempla
774 3215 890 3278 attulit
917 3211 1150 3277 Lachmannus
1178 3212 1218 3275 ad
1242 3213 1302 3289 VI,
1330 3214 1408 3274 335.

236 3316 312 3392 ··VI,
331 3319 405 3379 730:
426 3323 461 3379 fit
482 3343 602 3399 quoque
621 3325 668 3382 uti
683 3325 814 3401 pluviae,
830 3325 940 3395 forsan,
955 3325 1052 3399 magis
1067 3324 1106 3380 ad
1121 3326 1212 3398 caput
1226 3322 1254 3378 ei
1268 3325 1409 3398 tempore

250 3442 286 3479 eo
300 3424 384 3495 fiant,
406 3418 486 3501 quod
504 3426 597 3483 etesia
615 3426 709 3484 flabra
729 3428 906 3504 aquilonum
926 3427 1032 3484 nubila
1051 3426 1206 3484 coniciunt
1220 3424 1251 3481 in
1267 3441 1317 3481 eas
1332 3427 1410 3480 tunc

251 3526 352 3582 omnia
366 3526 469 3602 partis.
501 3520 555 3582 Sic
571 3523 733 3585 Marullus
749 3547 807 3608 pro
830 3546 899 3607 qao,
924 3523 1012 3606 quod
1028 3522 1105 3585 ferri
1120 3543 1186 3583 non
1201 3520 1312 3597 debet,
1331 3519 1411 3601 quia

251 3627 313 3681 tarn
340 3621 504 3702 sequitur,
535 3631 682 3707 Tempore
713 3648 746 3687 eo
776 3652 836 3708 quo
864 3633 959 3690 etesia
982 3632 1075 3689 flabra
1097 3630 1265 3707 aquilorum
1286 3628 1412 3686 ,Nubila

251 3729 405 3787 coniciunt
420 3732 452 3789 in
468 3752 517 3790 eas
533 3733 605 3789 tunc
621 3735 722 3792 omnia
736 3735 831 3810 partis
848 3728 925 3811 (L..)
958 3727 1108 3808 Denique
1129 3727 1193 3788 huc
1213 3724 1410 3787 referendus

251 3831 303 3886 est
325 3828 542 3906 accusativus,
566 3830 619 3911 qui
642 3830 790 3911 sequitur
810 3830 910 3891 verba
932 3832 1121 3894 affectuum.
1153 3827 1201 3905 ΙΙ,
1223 3827 1408 3905 58:111,

251 3931 291 3990 99
313 3957 344 3981 =
366 3930 426 4007 VI,
444 3934 501 3993 38:
516 3953 594 4015 prece
609 3939 694 4015 pueri
710 3939 742 3996 in
756 3938 890 3996 tenebris
899 3934 1058 4013 pauitant.
1091 3933 1133 4009 V,
1152 3933 1411 4012 1139131133ᾶί-

252 4035 307 4092 bus
322 4037 407 4113 vulgi
422 4056 561 4112 moyerem
576 4036 698 4113 leychet
712 4036 862 4097 honorem.

338 4134 490 4196 Alterum
507 4155 610 4215 genus
627 4136 806 4199 accusativi
821 4136 991 4217 qualitatis
1003 4143 1065 4213 est,
1082 4136 1110 4197 si
1126 4135 1256 4198 obiecto
1273 4133 1412 4197 demum

251 4240 368 4296 natura
388 4235 527 4297 actionis
548 4238 740 4321 explicatur,
768 4262 832 4321 quo
856 4239 1002 4323 pertinet
1025 4238 1124 4301 etiam
1149 4260 1218 4300 acc.
1243 4243 1341 4320 aptus
1366 4259 1410 4300 ex

252 4336 443 4420 compositis
465 4339 636 4400 verborum
658 4340 949 4404 intransitivoram.
982 4342 1009 4419 1,
1032 4346 1071 4405 81
1089 4365 1154 4424 sq.:
1175 4341 1261 4421 inpio
1280 4349 1313 4402 te
1335 4347 1411 4404 rati-
