2874 4934
605 374 678 432 666,
704 374 823 432 unqua.
1229 326 1309 420 167

136 549 238 607 obstat
259 549 324 605 etc.
356 566 387 605 6.
408 545 465 607 761
484 565 550 624 sq:
574 569 713 626 quaeram
736 568 788 605 cur
808 569 823 606 6
845 550 975 626 sapienti
995 552 1090 609 stulta
1110 557 1201 629 queat
1216 552 1289 626 fieri,

134 667 189 708 666
204 652 336 729 prudens
352 652 392 709 sit
408 672 482 728 puer
497 652 587 724 ullus,
603 667 657 708 666
672 655 735 709 tam
752 651 858 709 doctus
875 672 969 730 equae
985 654 1086 730 pullus
1103 675 1193 731 quam
1204 655 1290 712 fortis

135 755 206 832 equi
225 753 292 815 vis?
324 751 393 833 (pro
420 748 524 812 altero
546 770 600 810 666
621 748 725 831 prima
745 772 842 811 manu
865 749 1028 832 oblongus
1049 751 1121 831 Nc).
1157 775 1188 813 v.
1210 754 1289 814 985:

134 873 189 912 666
204 858 288 934 quod
302 858 358 915 sub
373 877 484 933 magno
499 861 672 914 scrutentur
687 862 808 935 pectore
819 858 979 934 quicquam
995 891 1024 896 —
1042 864 1168 934 possunt
1182 860 1293 938 reperi·

133 980 176 1016 re.
202 954 262 1037 (Ne
276 953 380 1037 prima
395 976 494 1016 manu
510 953 697 1036 oblongus).
719 954 781 1033 IV,
794 958 855 1017 226
867 977 956 1037 666.;
975 961 1006 1019 16
1026 967 1149 1019 cunctas
1165 961 1293 1020 dimitti·

134 1067 187 1118 tur
206 1091 237 1101 -·
259 1062 363 1139 partis,
385 1077 440 1117 666
458 1081 541 1119 mora
562 1079 615 1117 666
637 1064 754 1138 requies
775 1063 855 1121 inter
871 1064 961 1120 datur
976 1064 1039 1121 ulla
1053 1064 1175 1122 fluendi.
1207 1058 1250 1120 H.
1268 1058 1291 1120 l.

135 1157 225 1242 prius
250 1179 304 1220 666
328 1157 479 1241 adiungit
508 1160 587 1220 haec
618 1159 840 1222 enunciationi
871 1160 1043 1244 superiori,
1076 1161 1216 1224 alterum
1240 1183 1293 1222 666

136 1260 310 1343 coniungit
330 1283 445 1324 vocem
465 1268 582 1345 requies
603 1283 676 1324 cum
697 1288 788 1325 mora.
825 1286 856 1325 v.
879 1266 957 1327 615:
979 1263 1054 1341 Nec,
1077 1270 1129 1346 qui
1148 1270 1294 1327 sentimus

136 1388 251 1441 sucum,
273 1370 379 1446 lingua
394 1374 485 1447 atque
501 1371 637 1447 palatum
654 1370 824 1447 plusculum
840 1372 955 1429 habent
976 1373 1007 1429 in
1029 1393 1058 1430 se
1074 1373 1209 1430 rationis.
1241 1365 1293 1427 Sic

136 1473 226 1529 recte
249 1467 411 1530 Marullus
431 1467 496 1528 Nec
518 1489 574 1550 pro
596 1467 673 1529 Hoc.
706 1491 738 1530 v.
757 1471 851 1532 1066.
871 1471 965 1532 1073.
987 1471 1144 1532 1078666
1166 1479 1294 1532 constat.

136 1573 283 1633 61102.
310 1572 405 1633 1163.
434 1572 527 1633 1192.
555 1573 648 1634 1197.
676 1572 769 1633 1233.
795 1574 889 1633 1268.
915 1574 1009 1635 1278.
1042 1571 1082 1649 V,
1102 1575 1153 1634 58.
1172 1574 1223 1634 61.
1242 1573 1294 1634 97.

138 1676 211 1736 162.
239 1675 312 1737 130.
340 1675 412 1735 160.
439 1675 511 1735 163.
539 1676 611 1735 180.
636 1675 709 1735 229.
734 1675 807 1736 231.
832 1677 905 1736 249.
930 1677 1003 1736 292.
1027 1676 1099 1736 299.
1123 1675 1197 1736 314.
1221 1676 1295 1736 328.

137 1777 210 1838 331.
229 1776 303 1838 348.
320 1777 393 1838 353.
412 1775 485 1837 358.
503 1777 564 1838 361
577 1798 625 1856 sq.
644 1777 718 1838 385.
737 1778 810 1839 502.
829 1780 906 1840 5646
927 1776 992 1838 Nec
1007 1782 1101 1839 nimio
1117 1782 1187 1839 solis
1203 1783 1298 1839 maior

137 1887 204 1941 rota
219 1899 273 1940 666
288 1884 386 1941 minor
401 1882 490 1939 ardor
506 1903 568 1941 esse
584 1889 686 1961 potest
703 1885 780 1955 etc„
797 1878 855 1942 ubi
870 1878 959 1963 prius
976 1901 1030 1940 666
1045 1877 1197 1959 adiungit
1213 1880 1296 1939 hanc

138 1979 337 2044 sententiam
354 1978 528 2063 prioribuS,
551 1986 588 2042 ut
609 1979 653 2042 sit
673 1980 759 2042 idem
778 1981 999 2063 quodcirca,
1022 1980 1162 2042 alterum
1178 2001 1232 2042 666
1249 2002 1298 2042 66-

138 2083 280 2146 cundam
296 2082 495 2145 sententiam
513 2082 661 2145 adnectit
674 2082 784 2167 priori.
813 2107 842 2146 v.
856 2088 928 2147 614.
947 2084 1019 2146 672.
1039 2086 1112 2146 698.
1132 2084 1203 2146 719.
1223 2085 1296 2146 830.

139 2189 200 2250 846
217 2208 307 2268 sqq:
331 2191 496 2249 absterruit
516 2224 547 2231 —
569 2207 622 2247 666
643 2197 769 2270 potuere
791 2226 818 2231 -
842 2198 966 2268 tangere
988 2224 1018 2232 -—
1040 2208 1093 2247 666
1109 2192 1239 2268 reperire
1261 2223 1292 2232 -

137 2311 191 2352 666
207 2295 302 2370 iungi.
335 2311 365 2350 v.
384 2290 457 2350 856.
476 2290 537 2351 928
555 2311 626 2370 sqq.
649 2294 756 2352 validis
777 2299 881 2371 aptum
905 2315 957 2371 per
978 2295 1091 2352 viscera
1113 2294 1221 2366 nervis,
1244 2310 1298 2350 666

138 2398 225 2456 l'acile
243 2417 277 2455 ex
293 2400 378 2454 aestu
394 2412 448 2453 666
463 2397 574 2472 frigore
590 2397 671 2473 quod
687 2402 854 2474 caperetur,
870 2413 924 2453 666
940 2397 1075 2455 novitate
1093 2398 1152 2455 cibi
1168 2413 1221 2453 666
1236 2397 1297 2454 labi

138 2501 271 2577 corporis
295 2500 366 2558 6116.
407 2515 438 2554 6.
465 2495 525 2555 932
552 2515 642 2575 sqq:
669 2500 764 2558 vitam
788 2500 960 2558 tractabant
983 2520 1065 2557 more
1091 2501 1221 2558 ferarum
1247 2516 1299 2555 666

137 2604 280 2662 robustus
301 2607 365 2660 erat
386 2634 416 2642 —
438 2600 609 2659 moderator
631 2603 773 2660 aratri-
794 2619 848 2659 666
869 2603 966 2661 scibat
987 2603 1065 2660 ferro
1082 2603 1215 2661 molirier
1230 2622 1300 2659 arva

136 2722 192 2762 666
207 2725 286 2764 nova
301 2705 442 2762 defodere
457 2703 489 2761 in
504 2709 616 2761 terram
632 2704 764 2780 virgulta
780 2721 874 2784 66666
893 2737 923 2745 —-
944 2705 1145 2763 arboribus-
1162 2705 1299 2763 decidere

142 2842 172 2849 -
194 2828 301 2866 ramos.
327 2825 358 2864 v.
377 2804 455 2864 953:
475 2807 617 2864 necdum
639 2839 668 2846 -κ
691 2827 797 2884 neque.
822 2825 854 2865 v.
873 2805 934 2864 958
951 2825 1000 2883 sq.
1019 2804 1092 2865 972.
1111 2805 1184 2864 988.
1204 2805 1297 2864 1004.

139 2907 234 2970 1027.
262 2908 356 2968 1052.
384 2907 478 2968 1054.
507 2906 587 2967 1135
733 2930 788 2968 666
818 2943 847 2949 -
878 2930 984 2987 neque.
1024 2927 1055 2967 v.
1082 2907 1175 2967 1154.
1203 2907 1297 2967 1185.

140 3011 366 3072 1198-1202τ
389 3027 443 3069 666
458 3013 554 3090 pietas
571 3013 664 3070 ullast
679 3013 813 3070 vela-tum
829 3033 917 3090 saepe
934 3013 1029 3070 videri
1046 3013 1156 3069 vertier
1171 3012 1209 3069 ad
1225 3011 1299 3088 lapi·
1313 3090 1316 3095 Ι

138 3118 207 3175 dem
229 3149 258 3156 —u
280 3131 335 3172 666
355 3115 550 3192 procumbere
570 3115 656 3172 humi
678 3120 863 3193 prostratum
884 3149 910 3155 -
936 3131 990 3171 666
1012 3134 1075 3173 aras
1103 3147 1132 3154 -
1160 3133 1299 3193 spargere

142 3253 173 3261 -
199 3234 253 3275 666
278 3218 355 3276 votis
381 3221 501 3276 nectere
526 3223 604 3275 vota.
638 3212 749 3295 (Apud
765 3212 979 3274 Lactantium
1000 3211 1107 3274 instit.
1140 3211 1188 3289 11,
1209 3214 1297 3289 3,11

136 3317 178 3379 Er
200 3319 420 3399 procumbere).
452 3337 483 3376 v.
503 3316 596 3378 1272.
624 3317 715 3377 1316.
743 3317 835 3378 1337.
862 3318 954 3379 1352.
976 3317 1296 3379 140914221445.

137 3418 198 3497 VI,
218 3421 258 3482 74
274 3440 346 3501 sqq.
372 3423 539 3481 constitues
568 3457 600 3464 -
629 3439 683 3478 666
708 3457 740 3463 -
766 3423 872 3496 adibis
898 3440 951 3480 666
976 3457 1006 3465 -
1032 3424 1154 3482 valebis
1188 3440 1217 3479 v.
1237 3420 1297 3480 130

137 3545 192 3584 666
207 3528 326 3585 mirum.
351 3545 383 3584 v.
397 3524 469 3583 154.
489 3524 561 3583 245.
581 3523 652 3583 266.
671 3522 744 3582 315.
764 3523 837 3582 319.
856 3522 929 3583 331.
948 3523 1021 3584 361.
1040 3524 1113 3588 375.
1130 3523 1204 3584 399.
1224 3524 1296 3583 550.

137 3626 215 3688 569:
233 3646 328 3708 66666
344 3630 381 3687 ab
398 3630 489 3688 exitio
506 3629 601 3706 possit
620 3629 837 3704 reprehendere
854 3630 963 3687 euntis.
993 3646 1022 3685 v.
1042 3625 1115 3686 652.
1135 3625 1216 3687 1177
1233 3647 1297 3686 666.

136 3730 282 3790 61214.

224 3830 253 3912 6)
276 3828 381 3913 Neque
406 3827 527 3890 dicitur
550 3849 608 3912 pro
633 3849 671 3890 66
692 3865 722 3872 -
744 3827 862 3912 quidem
885 3828 950 3905 III,
971 3829 1048 3891 730:
1075 3838 1107 3890 at
1127 3851 1222 3912 66666
1247 3854 1299 3891 our

136 3938 251 3996 faciant
265 3939 348 4016 ipsae
370 3957 498 4015 quareve
519 3937 657 4015 laborent
670 3913 777 3994 dicere
796 3936 982 4014 suppeditat.
1014 3929 1074 4007 VI,
1094 3934 1187 3994 1214.
1220 3929 1298 3993 Ν66

135 4042 226 4099 recte
243 4033 346 4118 igitur
360 4034 593 4098 Lachmannus
614 4033 653 4096 ad
671 4034 700 4112 Ι,
719 4036 779 4097 830
796 4040 899 4114 negat
915 4036 977 4095 hoc
994 4032 1141 4095 Lucretii
1158 4032 1298 4097 orationi

137 4137 324 4202 convenire.

224 4241 256 4324 d)
280 4242 330 4304 De
354 4246 572 4324 nequeuntem
596 4262 628 4301 v.
652 4239 760 4301 Hand.
783 4238 924 4301 'Pursell
947 4239 975 4312 I,
998 4262 1029 4321 p.
1053 4240 1130 4300 585:
1157 4239 1299 4315 „Rarior

136 4345 243 4409 forma
274 4346 386 4429 [quam
415 4364 509 4428 66666
537 4343 621 4427 cero]
649 4350 700 4406 est
724 4365 818 4428 aeque
842 4349 942 4405 66766
971 4342 1018 4426 [16
1046 4341 1238 4404 continuata
1264 4349 1298 4404 et
1367 4423 1369 4431 y
