2874 4934
437 361 486 404 111.
512 361 609 429 enon.
635 361 830 406 nunarrvuu.
1149 347 1210 411 107

63 533 116 592 ills
132 540 172 592 et.
199 528 292 593 unice
309 551 421 593 verum
438 537 488 593 est
505 537 585 594 Hinc
601 530 705 603 illaec,
724 537 757 593 et
772 530 857 595 infra
874 534 954 599 1083
971 532 1063 596 illaec
1077 539 1212 617 germina

63 629 122 712 (sio
148 629 271 694 amiens
296 631 469 715 Lambini).
502 634 564 694 hoo
589 632 698 696 locum
722 632 824 696 habet
845 633 900 698 ubi
921 635 979 698 illa
1001 657 1130 701 versum
1146 658 1212 703 non

62 733 186 818 explet.

401 891 453 942 111.
490 892 668 942 Pronomen
688 893 874 943 relativum.

149 1065 179 1104 a.
210 1040 411 1128 Mpaifirotio.
451 1043 548 1107 Pron.
575 1041 747 1107 relativum
771 1043 904 1128 ponitur
926 1045 960 1108 in
982 1045 1213 1111 enuntiatione

61 1143 256 1209 secundaria
286 1144 326 1208 ad
354 1144 522 1208 notionem
551 1144 693 1228 aliquam
721 1146 904 1211 aoerrratius
930 1148 1156 1232 exponendam
1175 1157 1213 1212 et

60 1246 323 1313 describendam.
366 1248 395 1327 I,
421 1251 456 1313 3:
487 1271 563 1332 quae
591 1273 672 1313 mere
695 1256 880 1332 navigerum,
905 1273 982 1334 quae
1004 1261 1098 1316 terres
1120 1258 1214 1334 frugi-

61 1357 206 1417 t'erenteis
228 1356 425 1415 concelebras.
455 1350 582 1414 Eodem
604 1351 700 1415 modo
716 1360 865 1438 ῥητορικῶς
880 1353 1058 1436 repetitum
1073 1361 1125 1418 est
1139 1377 1213 1438 pro·

60 1474 183 1517 nomen
198 1476 230 1515 v.
249 1454 321 1518 278.
343 1451 410 1533 III,
429 1456 507 1519 985:
531 1479 585 1517 nee
605 1454 685 1538 qood
703 1460 759 1518 sub
779 1481 889 1538 magno
905 1467 1078 1523 scrutentur
1094 1469 1214 1541 pectore

59 1560 224 1645 quiequam
259 1565 435 1641 perpetuam
469 1567 599 1621 aetatem
635 1568 760 1641 possunt
794 1565 922 1642 reperire
952 1566 1097 1643 profesto.
1144 1560 1213 1643 (Sic

59 1657 225 1733 Marullus
254 1680 311 1742 pro
341 1658 437 1743 quid).
477 1658 538 1736 IV,
561 1661 619 1737 Ι71ι
652 1671 768 1741 quanto
794 1668 893 1729 minus
920 1667 1093 1745 indupediri
1121 1687 1215 1745 peuce

59 1772 179 1847 queunt
201 1770 232 1826 et
251 1783 328 1844 quae
346 1773 418 1826 sunt
438 1768 534 1844 prima
553 1767 652 1826 fronte
667 1769 766 1827 locata
782 1770 873 1847 (quoe
888 1764 1016 1828 addidit
1032 1764 1213 1829 Lachman-

59 1867 146 1950 nus).
184 1887 215 1928 v.
239 1867 314 1929 116:
342 1871 471 1948 primum
496 1871 636 1929 animalia
660 1877 732 1931 sunt
752 1873 810 1931 iem
832 1873 943 1950 partim
962 1875 1089 1946 tantula,
1114 1889 1213 1930 eorum

63 1975 153 2039 tertia
168 1993 236 2053 pars
251 1973 336 2032 nulls
351 1974 446 2051 possit
460 1974 576 2033 ratione
592 1975 696 2034 videri.
726 1969 791 2051 (sio
808 1991 864 2053 pro
882 1992 981 2033 eorum
997 1972 1211 2051 Purmennus,
1265 2015 1268 2025 ι

63 2070 123 2137 nisi
140 2070 230 2155 quod
245 2069 376 2155 scripsit
391 2093 524 2156 quorsom,
543 2095 572 2135 ν.
590 2071 751 2156 Laehm.).
778 2095 808 2136 v.
823 2069 897 2137 760⁸:
916 2082 995 2137 certe
1011 2085 1046 2139 ut
1061 2080 1214 2143 videamur

60 2200 182 2241 cernere
204 2199 272 2239 eum
293 2195 376 2258 quem
397 2180 516 2239 redditu
532 2201 584 2258 pro
601 2181 664 2239 vita
679 2164 737 2240 iain
753 2203 832 2241 mors
848 2186 879 2241 et
894 2186 974 2240 terre
990 2183 1127 2260 potitust.
1158 2175 1212 2241 Sic

41 2276 142 2343 lteli
161 2282 197 2340 et
210 2276 374 2341 Marullus
395 2298 459 2340 eum
475 2299 558 2363 qoem
574 2301 631 2362 pro
648 2301 712 2342 euro
728 2301 795 2363 que.
822 2302 853 2342 v.
870 2282 947 2344 862:
964 2302 1041 2364 quoe
1056 2287 1128 2363 qnia
1140 2290 1213 2347 sunt

60 2387 193 2451 exercita
216 2390 311 2458 motu,
334 2385 432 2445 multe
455 2406 508 2464 per
531 2407 562 2444 os
587 2387 772 2447 exhalantur.
813 2381 866 2445 sio
891 2383 1028 2447 Lachm.
1054 2405 1085 2446 v.
1113 2386 1211 2448 1021:

60 2489 161 2562 multi,
178 2487 385 2548 dementibus
400 2489 470 2547 altis
486 2494 521 2547 ut
536 2486 588 2568 qui
604 2491 804 2568 praecipitent
819 2491 857 2548 ad
871 2496 982 2552 terram
999 2511 1121 2569 corpore
1136 2497 1213 2564 toto,

61 2596 266 2661 extenuantur.
307 2585 495 2676 Quadratus
520 2593 553 2648 et
578 2594 741 2651 corrector
765 2588 912 2671 oblongi,
942 2588 1023 2653 item
1047 2587 1214 2655 Antonius

62 2687 272 2753 Florentinus
288 2693 323 2751 et
338 2686 417 2757 olim
431 2688 590 2774 impressi,
608 2698 651 2754 'Ut
661 2696 745 2773 qnasi
755 2698 964 2775 praecipitant.
990 2688 1214 2757 Wakefieldus

60 2801 151 2857 reete
175 2789 329 2877 probavit
353 2791 414 2876 qui.
453 2791 495 2870 V,
520 2794 539 2856 3
560 2815 627 2876 sq.:
654 2800 758 2876 quisve
783 2799 863 2858 valet
886 2799 984 2858 verbis
1007 2803 1138 2872 tentum,
1159 2795 1215 2880 qui
1327 2830 1329 2834 ⁸

62 2898 108 2978 (ι-
135 2896 187 2979 ut)
210 2901 322 2976 fingere
347 2900 449 2959 leudes
473 2921 527 2979 pro
550 2903 665 2961 meritis
689 2904 754 2961 eius
774 2904 878 2980 possit,
903 2896 955 2981 qui
974 2904 1049 2963 talia
1069 2903 1156 2963 nobis
1178 2935 1209 2947 -

61 2998 173 3083 liquit?
205 2995 392 3081 (Oblongus
408 2999 480 3081 quio
502 2999 581 3061 tolio
603 3000 711 3080 nodie).
746 3023 777 3064 v.
803 3003 879 3064 152:
906 3012 1030 3082 tangere
1054 3005 1134 3064 enim
1153 3026 1215 3068 non

62 3108 129 3186 quit
149 3101 230 3186 qnod
249 3107 334 3184 tangi
356 3126 417 3165 non
437 3106 509 3166 licet
524 3108 632 3184 ipsum.
664 3102 716 3165 sie
733 3102 894 3166 Marullus
913 3124 972 3186 pro
988 3103 1068 3186 qood
1081 3102 1119 3167 oi.
1151 3101 1212 3179 VI,
1308 3115 1314 3128 ’

63 3208 141 3268 586:
159 3210 193 3269 in
208 3209 293 3287 Syria
308 3209 419 3270 Sidone
435 3209 516 3288 quod
531 3210 641 3269 accidit
657 3219 688 3269 et
703 3212 762 3270 fnit
770 3212 848 3287 Aegi
864 3212 895 3271 in
906 3212 1123 3289 Peloponneso,
1138 3228 1214 3289 quae

63 3315 162 3373 exitus
176 3313 226 3371 hio
240 3313 350 3371 animai
366 3312 517 3371 disturbat
532 3308 629 3371 order.
663 3307 715 3370 sio
732 3308 896 3373 Aventius
912 3331 969 3393 pro
986 3332 1056 3393 quu.
1089 3331 1120 3372 v.
1140 3308 1211 3375 ill:

62 3417 169 3491 multa,
186 3415 252 3475 cibo
268 3421 438 3494 quaesunt.
468 3409 521 3473 Sio
538 3417 625 3477 reete
642 3409 878 3490 Wakefieldus,
895 3419 930 3477 et
946 3411 1077 3494 quidem
1092 3409 1214 3496 primus

63 3512 169 3581 edidit
191 3535 249 3597 pro
273 3519 371 3579 multa
393 3519 460 3578 cibo
485 3539 560 3596 eque
584 3524 655 3579 sunt
678 3519 791 3579 vitalia.
826 3514 873 3579 sie
899 3536 996 3583 versu
1015 3539 1046 3579 v.
1072 3517 1153 3581 1095
1173 3521 1215 3581 ut

62 3627 169 3683 eontra
184 3637 261 3701 quae
274 3623 337 3682 sint
352 3623 457 3681 morbo
472 3623 622 3701 mortique
638 3628 787 3681 necessest
802 3623 900 3683 multu
914 3625 1023 3682 volare.
1045 3617 1212 3695 VI‚1089:

62 3720 143 3804 qood
162 3725 260 3802 magis
280 3725 312 3785 in
333 3725 432 3803 lapide
451 3728 508 3784 hoo
528 3727 592 3784 fieri
612 3727 750 3802 ferroque
771 3727 901 3786 videtur.
941 3720 1004 3800 Quo
1026 3720 1121 3800 irrupit
1137 3742 1214 3802 que·

62 3821 189 3893 dratus.
220 3822 399 3893 Nonnullis
415 3823 497 3887 loeis
514 3823 708 3887 correlatum
725 3824 773 3885 iio
789 3823 937 3906 sequitur
953 3821 1216 3889 enunciationem

61 3924 247 4005 relativam,
270 3925 317 3989 sie
333 3925 400 4005 III,
417 3929 494 3992 441:
518 3933 629 4010 quippe
651 3934 764 3991 etenim
784 3953 890 4010 eorpus
916 3964 945 3973 -
973 3948 1061 4010 quom
1076 3930 1215 3991 cohibere

63 4034 171 4115 nequit
196 4067 227 4076 -
253 4038 320 4092 aere
340 4036 392 4112 qui
414 4035 516 4093 eredas
536 4055 621 4113 posse
641 4030 720 4093 loures
743 4036 909 4095 cohiberier
933 4034 1016 4093 ullo?
1054 4026 1107 4090 Sic
1132 4028 1215 4090 bene

62 4131 227 4197 Marullus
246 4152 303 4214 pro
326 4154 402 4197 root.
422 4133 493 4210 lv,
513 4135 590 4205 596:
612 4158 673 4198 non
694 4143 740 4197 est
758 4139 928 4199 mirandum
947 4136 1147 4215 quaestione,
1163 4156 1216 4213 per

64 4236 129 4299 loeo
152 4256 230 4320 quoe
248 4247 404 4319 nequeunt
424 4241 504 4300 oouli
523 4262 568 4301 res
590 4261 709 4301 eernere
729 4246 857 4320 apertus,
877 4238 950 4300 bueo
971 4236 1037 4299 looa
1057 4261 1110 4319 per
1129 4260 1215 4299 voees

64 4343 188 4405 veniant
207 4345 345 4422 aurisque
367 4345 523 4404 lacessant.
554 4338 616 4416 VI,
633 4342 731 4402 1205:
754 4345 933 4422 profluvium
955 4364 1043 4421 porro
1058 4337 1110 4433 qui
1124 4343 1215 4409 taetri
