2874 4934
322 383 593 428 susuuosmouus
618 384 685 427 cuu
708 384 781 426 sau.
807 383 844 425 uu
866 384 940 425 icc.
1163 365 1200 426 87
1259 396 1261 402 ·

38 578 77 618 se
101 562 237 640 corporis
257 580 319 619 esse
341 559 469 618 dedicat.
501 575 531 614 v.
551 554 567 615 7
572 554 626 615 99ε
651 557 789 616 habuisse
810 590 840 598 -
861 559 892 615 in
908 577 948 615 se.
964 573 995 612 v.
1013 553 1076 615 869
1093 558 1202 617 habere

39 665 82 722 in
98 684 143 724 se.
174 637 223 738 ΙΙ,
240 660 301 722 586
318 679 408 739 sqq.:
431 662 512 740 quod
533 680 659 738 cumque
681 661 776 737 magis
791 662 835 718 vis
849 660 961 719 multas
977 660 1109 737 possidet
1123 655 1157 717 ia
1171 676 1202 717 sc

50 799 88 808 -
107 768 158 826 ita
171 766 301 845 plurima
320 765 534 842 principiorum
555 758 588 819 in
603 777 666 820 ecee
687 782 796 840 genera
816 795 846 804 —
868 762 956 821 docet
971 782 1042 822 esse.
1073 780 1104 822 v.
1123 760 1200 821 589:

45 871 148 930 tellus
166 864 255 926 iata
274 864 308 924 ia
329 885 359 925 sc
380 887 502 944 corpora
523 867 627 944 prima.
649 882 680 923 v.
700 863 797 924 1031:
822 885 956 943 quaeque
976 860 1009 922 ic
1025 881 1056 923 se
1076 860 1200 923 cohibet.

47 966 123 1045 ΙΙΙ,
142 967 218 1030 574:
240 974 266 1030 si
285 965 418 1028 cohibete
437 966 470 1026 ia
486 986 517 1027 se
536 969 665 1027 animam
681 972 772 1046 atque
787 970 818 1027 in
834 989 883 1028 eos
899 969 1011 1048 poterit
1027 968 1203 1028 concludere

49 1079 157 1136 motus
182 1069 240 1152 (sio
264 1067 488 1132 Wakefieldus
514 1065 655 1130 correxit
678 1088 736 1150 pro
761 1066 899 1128 cohibere·
916 1069 999 1149 sese).
1040 1065 1101 1144 IV,
1124 1069 1201 1131 616:

51 1178 227 1259 plusculum
249 1172 359 1235 habent
382 1172 416 1234 ia
439 1193 471 1233 se
494 1175 627 1234 rationis.
658 1169 811 1258 171,877ε
834 1176 949 1251 gelum,
972 1175 1053 1252 quod
1067 1175 1204 1235 continet

52 1277 88 1340 ia
102 1297 145 1339 cc.
162 1299 195 1338 v.
214 1278 274 1340 898
295 1280 392 1338 multa
412 1311 442 1320 -
462 1275 495 1336 in
514 1295 546 1336 se
560 1279 674 1336 semina
688 1277 801 1336 habent
816 1279 895 1355 ignis
911 1279 990 1336 cett.
1012 1295 1043 1336 v.
1062 1274 1122 1336 985
1139 1297 1203 1357 per-

54 1386 131 1464 cipit
147 1372 238 1442 in'se.
271 1377 298 1455 Ι,
315 1379 393 1441 415:
417 1378 450 1439 iu
471 1375 556 1438 uobis
570 1381 645 1439 vitai
661 1381 790 1439 claustra
805 1381 943 1439 resolvat.
974 1375 1041 1454 III,
1058 1378 1114 1439 48:
1137 1399 1203 1439 cum

54 1492 148 1567 caput
167 1492 220 1546 aut
240 1486 341 1545 oculos
361 1489 531 1563 temptante
554 1485 656 1543 dolore
676 1483 806 1541 laeditur
821 1479 854 1540 in
869 1478 963 1541 nobie.
997 1479 1062 1557 III,
1081 1481 1144 1543 ll4
1159 1488 1204 1542 est

53 1591 138 1651 aliud
157 1594 259 1648 tamen
280 1585 314 1646 ie
333 1583 428 1646 tobis.
457 1606 487 1646 v.
505 1584 565 1647 391
587 1607 682 1664 usque
701 1586 775 1644 adeo
796 1588 878 1664 prius
900 1591 945 1645 est
962 1582 993 1644 ic
1009 1581 1093 1645 nobie
1108 1588 1205 1646 multe

54 1695 204 1754 ciendum.
241 1687 302 1765 lv,
328 1689 387 1750 991
413 1712 516 1750 sensus
540 1692 589 1748 hic
612 1684 645 1746 iii
669 1683 764 1746 nobis.
806 1684 846 1762 V,
875 1688 971 1748 1425:
997 1686 1032 1747 iii
1055 1679 1139 1747 cobis
1168 1721 1198 1732 -

16 1787 22 1794 ’
54 1799 143 1876 culpa
157 1797 279 1855 resedit.
304 1790 332 1868 I,
349 1792 427 1853 421:
445 1795 518 1852 haec
533 1789 567 1850 ia
582 1808 638 1871 quo
655 1785 766 1869 (inani)
783 1792 842 1851 sita
856 1797 936 1852 sunt.
962 1810 992 1851 v.
1012 1789 1108 1852 1078:
1126 1797 1204 1852 stare

25 1920 31 1931 ·
56 1883 212 1959 itiaoni.
252 1893 299 1971 II,
324 1895 402 1956 122:
429 1896 591 1976 primordia
613 1915 712 1953 rerum
739 1895 827 1972 quale
851 1897 891 1955 sit
914 1892 948 1953 ici
970 1913 1076 1972 maffeio
1099 1897 1204 1955 iactari

61 2023 171 2082 semper
192 1997 291 2059 idaci.
323 1995 351 2073 I,
369 1999 446 2061 442:
469 2005 503 2058 ut
525 2000 641 2077 possint
661 1992 804 2056 iaceres
821 2001 1029 2077 essegerique.
1059 1993 1107 2073 II,
1126 1996 1186 2058 187
1195 2017 1202 2056 :

63 2106 164 2167 netibi
186 2105 260 2163 dent
279 2100 312 2161 ia
332 2121 364 2162 cc
383 2105 568 2163 flemmarum
589 2121 712 2180 corpora
731 2102 874 2161 fraudem.
905 2097 934 2176 I,
951 2099 1029 2162 472:
1051 2116 1107 2162 nec
1121 2102 1204 2162 locus

58 2230 91 2270 ac
107 2209 257 2289 spatium,
279 2227 324 2266 res
346 2200 379 2263 ic
394 2223 451 2285 quo
467 2225 603 2284 quaeque
619 2201 774 2282 geruntur.
804 2223 835 2263 v.
855 2203 930 2264 955:
949 2207 1094 2285 spatium,
1109 2224 1155 2265 res
1171 2200 1205 2262 ia
1240 2280 1247 2294 ‚

55 2329 109 2392 qao
129 2331 267 2390 quaeque
288 2314 439 2387 gerantur.
471 2303 519 2382 ΙΙ,
537 2305 614 2366 699ι
637 2309 713 2367 airis
734 2304 768 2366 io
787 2304 887 2386 spatio
910 2341 950 2351 -—
972 2310 1111 2388 pendere.
1142 2303 1203 2383 VI,

54 2413 132 2476 301:
151 2415 283 2492 igniscat
298 2418 400 2471 tamen
415 2407 448 2469 in
464 2406 563 2486 spatio
580 2407 727 2490 ionpoque
742 2412 853 2470 meatu.
885 2430 915 2469 v.
934 2410 1011 2472 452:
1029 2408 1083 2470 boc
1098 2427 1205 2490 supero

55 2514 86 2576 ie
101 2517 180 2578 caeli
195 2518 302 2596 spatio.
318 2511 348 2587 I,
362 2513 441 2574 482:
459 2515 527 2587 loci,
543 2534 588 2573 res
604 2510 638 2571 ia
653 2531 709 2594 quo
726 2534 860 2594 quaeque
876 2520 1027 2593 gerantur.
1043 2510 1201 2588 ΙΙ,1099;

56 2615 192 2680 omnibus
205 2614 276 2678 iove
296 2613 369 2677 iocis
385 2638 447 2678 esse
463 2619 543 2677 omni
563 2622 698 2696 tempore
720 2623 829 2695 presto.
861 2613 920 2692 IV,
943 2615 1019 2678 ⁷98:
1046 2622 1204 2697 propterea

57 2726 89 2784 fit
111 2724 161 2784 uti
186 2723 290 2801 quovis
314 2724 504 2800 intempore
528 2739 662 2798 quaeque
687 2725 788 2799 presto
812 2723 873 2780 sint
896 2723 1053 2782 simulacra
1076 2715 1150 2779 iocis
1169 2715 1204 2779 in

59 2823 181 2908 quisque
195 2830 307 2905 parata.
329 2819 382 2882 Sic
398 2825 488 2882 recte
498 2817 662 2883 Aventius
677 2840 735 2903 pro
752 2819 832 2881 iocos
845 2818 1021 2905 tepuitque.
1041 2819 1203 2883 Marullus
1322 2884 1324 2888 ,

61 2926 142 2991 male
157 2925 237 2988 bocca
251 2924 285 2986 ia
300 2944 444 3008 quosque:
465 2942 571 3005 neque
591 2920 678 2986 enim
696 2920 730 2985 id
750 2942 835 2984 nuuc
852 2921 975 3004 agitur,
995 2923 1029 2986 in
1046 2943 1204 3007 quaenam

62 3030 131 3093 loca
146 3033 225 3091 eant
240 3025 424 3090 simulacra.
457 3025 485 3104 I,
502 3028 580 3090 490:
598 3032 708 3090 ferrum
725 3031 876 3091 candescit
890 3026 925 3089 ia
939 3027 1015 3108 iqui.
1040 3026 1107 3106 III,
1125 3028 1202 3090 623:

64 3157 151 3216 usque
166 3137 242 3196 adeo
257 3135 393 3214 sequitur
407 3154 454 3194 res
469 3154 541 3208 rem,
557 3155 654 3214 neque
663 3136 782 3195 flamma
797 3135 888 3194 creari
897 3135 1071 3195 fluminibus
1085 3135 1205 3195 solitast

66 3260 154 3319 neque
175 3234 209 3296 ia
229 3233 295 3314 iqui
316 3239 435 3315 gignier
454 3238 546 3315 algor.
577 3233 607 3311 I,
626 3235 701 3298 717:
722 3239 822 3297 insule
836 3257 926 3317 quem
942 3233 1098 3319 triquetris
1112 3234 1205 3298 teria-

67 3364 125 3406 rum
139 3343 234 3421 gessit
247 3336 281 3400 ic
297 3336 368 3398 oria.
400 3335 442 3414 V,
459 3340 517 3399 85:
541 3337 685 3404 aetheriis
704 3345 868 3403 cernuntur
888 3338 923 3400 ia
937 3336 998 3400 oris
1019 3365 1051 3392 =
1070 3333 1133 3416 VI,
1151 3341 1203 3404 61.

68 3440 92 3520 Ι,
109 3444 184 3508 740:
197 3439 365 3522 primiciis
379 3449 481 3504 tamen
496 3439 531 3502 io
545 3466 645 3505 rerum
659 3447 755 3504 fecere
770 3447 879 3505 ruinas.
904 3464 935 3504 v.
954 3442 1031 3505 823:
1048 3445 1158 3504 nostris
1173 3445 1206 3505 in

70 3551 193 3610 versibus
206 3548 280 3628 ipsis
300 3571 332 3596 =
351 3541 400 3622 II,
417 3545 490 3607 688.
509 3542 602 3606 1013.
620 3543 649 3622 I,
667 3546 743 3608 949:
766 3550 900 3610 versibus
915 3537 948 3610 in
962 3549 1073 3610 uostris
1093 3572 1124 3597 =
1144 3541 1204 3621 IV,

72 3647 158 3725 241,
176 3646 252 3710 8⁷1:
270 3645 304 3708 ia
319 3645 413 3726 iipcie
427 3653 452 3710 si
468 3653 586 3710 flamma
600 3652 685 3712 latet.
717 3637 747 3710 ν’.
766 3651 841 3712 891:
864 3649 897 3710 ia
913 3649 1006 3729 liquis
1021 3655 1150 3712 cinerem
1171 3684 1201 3694 ·-

10 3776 13 3787 ⁴
72 3754 163 3815 sideri.
197 3748 245 3827 Il,
262 3751 341 3812 897:
366 3775 491 3832 quarum
512 3756 557 3814 nil
575 3776 673 3815 rerum
694 3751 726 3813 in
752 3752 845 3833 liquis
863 3752 1041 3835 piaebisque
1060 3741 1205 3816 videmus.

74 3849 129 3936 ΙΙΙ,
147 3855 222 3918 786:
244 3877 299 3916 nec
315 3876 401 3916 cruor
420 3853 454 3915 ia
469 3854 563 3935 liquis
578 3879 674 3937 neque
690 3854 773 3916 sacis
787 3880 875 3919 sucus
890 3855 997 3918 inesse.
1028 3854 1057 3934 Ι,
1075 3856 1136 3920 897
1144 3876 1152 3916 t
1174 3861 1207 3919 in

75 3962 176 4037 unguis
196 3993 228 4004 -
248 3960 411 4020 montibus.
442 3957 485 4035 V,
503 3961 579 4021 824:
597 3957 727 4041 quodie
741 3958 858 4039 maffeio
873 3964 1036 4022 bacchatur
1050 3956 1205 4021 moci'ba’.

77 4077 101 4119 v.
110 4059 201 4124 1244:
219 4064 372 4124 montibus
388 4066 420 4124 in
435 4066 560 4142 magnis.
583 4060 644 4138 VI,
655 4063 719 4125 499
734 4066 887 4125 montibus
902 4069 935 4125 in
950 4066 1081 4126 summis.
1098 4061 1127 4140 I,
1145 4063 1206 4124 996

77 4183 177 4247 semper
196 4201 228 4211 -
248 4188 294 4228 res
309 4189 444 4246 quaeque
459 4173 606 4246 geruntur
614 4164 758 4246 partibas
774 4165 806 4228 ia
822 4166 949 4229 coactis.
974 4164 1023 4244 ΙΙ,
1036 4165 1117 4230 1975
1133 4164 1207 4228 aliia

78 4271 206 4331 terremm
222 4266 256 4328 in
264 4266 408 4346 partibas
422 4272 511 4331 orbis.
543 4266 609 4345 ΙΙΙ,
628 4270 688 4331 101
705 4269 792 4331 calla
809 4294 877 4332 cum
891 4269 925 4331 ia
934 4274 1027 4349 peric
1041 4273 1099 4332 siet
1113 4293 1206 4334 mens.

81 4383 105 4428 V·
118 4371 187 4434 til:
205 4380 241 4434 ut
256 4395 358 4433 sensus
374 4377 447 4434 alios
462 4371 495 4433 in
504 4377 597 4452 porte
613 4397 762 4454 quemque
777 4395 832 4436 saa
847 4379 905 4436 scit
920 4378 1051 4438 dissolvi.
1067 4371 1110 4450 V,
1128 4374 1205 4437 147:
