2874 4934
242 376 303 436 152
610 373 822 435 ,rurncrr'vnn
854 388 925 432 cnr.
946 389 1015 433 xrrr.

242 568 327 626 nobis
352 571 506 644 nequeunt
530 566 649 623 sentire.
685 582 715 621 v.
738 563 798 623 920
819 581 900 621 meaa
920 570 951 623 et
971 581 1077 640 corpus
1098 560 1198 641 sopita
1220 567 1387 643 quiescunt.

244 665 283 742 V,
302 667 364 728 114
375 685 464 745 sqq:
482 689 520 726 ne
536 670 612 726 sorte
628 669 718 727 rearis
734 668 831 725 terrae
847 672 878 726 et
892 663 983 724 colera
999 662 1172 735 eteoclem,
1191 684 1275 726 more
1290 663 1386 724 sidero

242 769 345 830 lanam
365 805 396 813 -
417 771 524 830 debere
546 771 670 828 aelerna
692 791 820 830 manere.
850 787 882 829 v.
901 769 979 828 244:
997 790 1065 830 cum
1080 772 1198 830 videam
1214 766 1343 828 membra
1358 791 1386 828 ac

237 869 340 950 partia
355 875 527 950 consumpta
546 875 674 951 regigni.
707 892 739 933 v.
758 871 835 933 248:
860 875 940 952 quod
961 873 1071 931 terrum
1091 879 1182 952 atque
1198 868 1298 948 ipsam
1315 890 1385 930 mor-

242 972 322 1034 talia
336 977 449 1055 sumpsi
465 997 536 1036 esse.
562 995 593 1034 v.
610 975 673 1035 324
687 995 753 1054 sq.:
771 980 796 1036 si
811 979 896 1037 nulla
909 978 969 1037 fuit
984 977 1125 1055 genitalis
1141 977 1225 1052 origo
1241 976 1385 1033 terraram

242 1085 273 1138 et
294 1075 372 1137 caeli
391 1099 566 1158 semperque
588 1080 712 1137 aeterra
733 1081 825 1140 fuere.
861 1097 893 1138 v.
917 1078 995 1139 868:
1018 1099 1180 1158 pacemque
1201 1080 1318 1136 cecata.
1349 1072 1382 1136 h.

241 1177 321 1255 „Sic
337 1199 412 1240 vere
423 1176 602 1240 Lambinus
617 1199 674 1261 pro
691 1184 823 1252 secatae,
841 1178 928 1261 quod
944 1200 1002 1241 suo
1019 1198 1107 1240 more
1123 1183 1260 1240 tuentur
1274 1176 1383 1239 Wake-

223 1281 358 1343 ⁴fieldus
376 1286 409 1343 et
425 1279 619 1364 Forbiger.“
649 1279 710 1358 VI,
730 1284 805 1344 969:
828 1292 860 1344 at
879 1281 961 1343 coria
977 1292 1008 1345 et
1027 1302 1144 1343 earnem
1160 1285 1262 1344 mollit
1278 1281 1384 1342 clarata

242 1390 347 1447 calore.
374 1383 426 1445 Ad
442 1383 599 1445 remotius
616 1383 753 1446 duorum
770 1383 1052 1447 substantivorum
1066 1382 1207 1445 relatum
1224 1389 1278 1445 est
1287 1403 1384 1464 genus

241 1485 395 1548 adiectivi
411 1485 531 1563 11,8aa
547 1509 636 1568 sqq:
654 1496 689 1550 ut
704 1494 739 1550 fit
754 1493 805 1550 ubi
822 1494 854 1552 in
869 1513 973 1570 parvas
989 1492 1082 1571 partis
1100 1490 1283 1568 discerpitur
1297 1505 1384 1546 carra

238 1610 390 1669 parpnra,
408 1595 627 1672 poeniceusque
643 1596 725 1653 color
735 1596 908 1654 clarissimu’
924 1597 1030 1667 multo,
1046 1594 1153 1652 filatim
1163 1613 1232 1652 oum
1242 1587 1385 1650 distracta

241 1701 297 1769 est,
318 1697 500 1774 dispergitur
521 1698 626 1757 omnis.
656 1692 700 1756 H.
723 1693 746 1755 l.
768 1691 869 1775 igitur
882 1714 973 1775 poen.
998 1693 1054 1755 ccl.
1077 1698 1155 1754 sunt
1175 1693 1222 1758 διὰ
1240 1694 1336 1775 μέσον.
1357 1711 1383 1752 v.

241 1794 377 1857 Lachm.

326 1897 437 1960 Genus
462 1904 614 1961 neutrum
639 1897 808 1975 adiectivi,
841 1903 874 1960 et
903 1895 937 1959 in
961 1896 1119 1980 singulari
1143 1904 1177 1961 et
1200 1896 1235 1960 in
1258 1895 1384 1981 plurali,

241 2000 336 2085 saepe
364 2000 498 2085 ponitur
527 2024 582 2085 pro
614 2000 822 2064 substantivo
848 2000 1025 2063 abstracto.
1067 2000 1120 2064 Sic
1144 2007 1275 2084 praeter
1299 1999 1386 2062 a'rraac

241 2104 360 2167 dicitur
385 2126 468 2167 omne
492 2105 539 2184 (τὸ
562 2109 634 2183 πᾶν)
659 2103 687 2181 Ι,
707 2107 804 2167 1001:
831 2126 914 2166 omae
938 2109 1060 2186 quidem
1083 2128 1153 2168 vero
1177 2109 1222 2167 nil
1241 2112 1289 2167 est
1310 2107 1385 2185 quod

240 2214 334 2272 finiat.
366 2230 397 2269 v.
416 2210 679 2290 inaspectae,
696 2205 775 2269 item
792 2206 839 2284 II,
857 2208 931 2269 547.
951 2209 1044 2270 1049.
1076 2206 1117 2284 V,
1135 2209 1214 2270 530:
1231 2211 1386 2290 disponere

214 2389 217 2396 Ι
240 2336 351 2387 causas,
367 2315 499 2373 motibus
515 2320 662 2374 astrorum
677 2335 754 2392 quae
770 2316 885 2392 possint
901 2334 963 2373 esse
978 2334 1030 2393 per
1040 2330 1134 2371 omne.
1161 2308 1214 2373 Sic
1225 2316 1387 2371 correct-or

241 2411 391 2495 quadrati
407 2418 441 2475 et
456 2412 617 2474 Marullus
633 2434 690 2495 pro
701 2433 898 2492 peromnem.
923 2412 952 2490 1,
969 2415 1047 2476 257:
1065 2419 1136 2477 hinc
1151 2419 1244 2476 fessae
1261 2417 1386 2494 pecudes

234 2515 347 2597 plagari
369 2541 421 2599 per
442 2521 553 2599 pabula
573 2521 653 2579 laeta
672 2540 795 2598 corpora
810 2521 976 2599 deponunt.
1006 2513 1054 2592 II,
1073 2518 1149 2579 893:
1167 2541 1228 2579 non
1245 2541 1280 2579 ex
1296 2519 1386 2578 omni·

240 2624 296 2682 bus
325 2657 353 2665 -
384 2618 494 2681 sensile
517 2629 548 2683 et
572 2625 723 2702 extemplo
746 2645 794 2682 me
818 2624 903 2701 gigni
934 2625 1031 2682 dicere
1060 2644 1163 2682 sensus
1195 2617 1386 2703 (quadratus

240 2721 389 2803 sensilia).
427 2721 494 2798 III,
521 2724 598 2784 800:
626 2722 750 2784 mortale
774 2727 895 2784 aeterno
919 2727 1042 2804 iungere
1067 2721 1124 2804 (sic
1145 2720 1308 2784 Marullus
1333 2742 1386 2805 pro

241 2825 418 2905 mortalem).
445 2824 505 2902 VI,
518 2827 596 2889 817:
614 2831 789 2909 expiratque
804 2831 881 2887 foras
897 2830 928 2887 in
945 2831 1079 2904 apertam
1095 2835 1295 2908 promptaque
1305 2829 1386 2887 caeli.

242 2928 296 2990 Ita
311 2926 489 3008 quadratus
506 2935 540 2990 61
556 2928 710 2991 schedae:
733 2927 895 3009 oblongus
913 2933 946 2989 et
962 2926 1040 2989 olim
1055 2927 1205 3010 impressi
1220 2927 1254 2989 r'a
1269 2932 1386 3007 aperta,

243 3029 408 3093 Antonius
425 3030 522 3093 Marii
537 3031 570 3093 r'rr
586 3036 760 3115 apertaque.
787 3033 1060 3112 v.1164·corp0ris
1075 3036 1243 3093 insamae.
1278 3030 1388 3092 Plura·

242 3132 282 3195 lis
307 3132 340 3195 in
364 3133 430 3195 his:
456 3133 600 3211 11,313:
628 3140 723 3198 omnis
749 3139 830 3197 enim
853 3139 943 3215 longe
967 3139 1076 3197 nostris
1097 3138 1135 3196 ab
1154 3138 1291 3196 sensibus
1313 3138 1389 3196 infra

236 3236 402 3316 primorum
431 3207 548 3303 661666Ἰ
561 3243 647 3301 iacet.
686 3260 718 3299 v.
745 3238 808 3300 342
832 3257 882 3317 sq.
907 3241 1084 3299 Parturiunt
1107 3261 1201 3317 genus
1225 3242 1389 3300 humanum

242 3349 403 3422 mutaeque
423 3349 562 3404 natantes
580 3340 797 3424 squamigeram
818 3344 961 3422 pecudem
986 3337 1020 3399 in
1045 3337 1162 3420 quibus
1186 3359 1301 3423 parum
1325 3336 1389 3399 ele·

243 3449 360 3524 ganter
376 3442 504 3505 Nonius
521 3442 743 3526 Squamiperac,
764 3465 795 3504 v.
813 3441 949 3504 Lachm.
972 3463 1003 3502 r.
1021 3444 1098 3504 918:
1122 3447 1219 3524 adque
1240 3439 1388 3503 animalia

242 3551 304 3608 sint
327 3551 504 3610 mortalibus
528 3570 587 3609 una
611 3552 784 3629 eademque,
808 3546 842 3607 b.
864 3567 892 3607 6.
919 3550 954 3607 61
977 3565 1051 3606 cum
1070 3565 1121 3606 rea
1142 3543 1305 3607 animatae
1326 3564 1391 3605 non

244 3647 396 3711 differant
426 3671 445 3712 a
474 3648 679 3712 mortalibus.
721 3647 782 3726 VI,
809 3650 885 3710 698:
917 3656 948 3711 et
978 3654 1133 3730 penetrare
1157 3653 1245 3710 maris
1270 3653 1391 3731 penitus

240 3757 380 3833 percocta
395 3758 428 3818 in
443 3760 589 3836 apertum.
615 3750 668 3815 sio
678 3751 814 3814 Irachm.
826 3773 884 3834 pro
895 3755 969 3814 mari
983 3757 1102 3833 penitus
1118 3775 1163 3814 res
1178 3756 1262 3832 cogit
1278 3760 1389 3834 aperto.

719 4078 923 4096 ‘JVWWVVX
