2874 4934
253 371 312 434 188
673 391 814 436 varanis.
846 392 919 436 cir.
936 393 969 436 x.

186 600 188 605 «
251 557 442 620 morandum
470 564 521 625 est
548 559 633 621 sot'ti
661 581 761 621 eremas
790 560 817 637 I,
843 564 916 639 458,
946 561 1126 645 praesentis
1155 562 1391 646 significatione

254 658 657 746 usurpatumproaote'mas‚
674 663 889 737 consuevimus,
905 671 945 726 ut
958 665 1044 727 cotta
1059 664 1216 728 adiectivi
1227 664 1272 750 sit
1282 665 1389 743 instar,

253 769 351 825 exuta
379 763 617 847 significatione
645 763 808 848 participii
831 765 980 849 perfecti.
1021 766 1062 830 of.
1089 767 1156 846 111,
1180 771 1244 831 680
1269 773 1389 832 solitast.

253 865 328 928 Fuit
347 873 456 930 autern
475 866 509 930 in
530 867 760 950 coniugatione
781 867 1016 952 periphrastica
1036 869 1075 933 de
1099 869 1229 934 actione
1250 869 1390 954 perfecta

254 975 288 1030 at
308 969 459 1032 absoluta
479 969 622 1053 positum
644 978 696 1033 est
711 971 782 1033 loco
799 970 860 1048 ΙΙΙ,
877 973 954 1034 836:
978 973 1110 1057 necfait
1124 983 1195 1037 ante
1210 978 1316 1037 videre
1331 999 1389 1037 ocu·

254 1077 350 1135 lorum
369 1078 483 1136 lumina
501 1078 614 1136 natam.
647 1073 800 1136 Lachm.:
825 1072 1023 1151 „corrector
1043 1075 1193 1158 quadrati
1213 1075 1319 1153 solus,
1342 1075 1389 1138 sad

254 1173 387 1257 optime,
404 1181 508 1238 aotam
526 1177 598 1260 [pro
614 1176 717 1260 aeta}
750 1177 811 1238 hoc
833 1183 868 1238 et
888 1175 1018 1239 suavius
1038 1183 1090 1240 est
1111 1184 1145 1240 et
1166 1176 1349 1262 simplicius
1362 1184 1389 1241 cl

253 1275 320 1339 illis
336 1298 417 1359 quae
433 1285 587 1342 secuntur
602 1301 634 1341 v.
647 1282 707 1343 850
724 1278 872 1357 similius,
889 1286 932 1342 Et
940 1285 1042 1343 sedare
1051 1286 1133 1343 sitim
1148 1287 1230 1363 prius
1246 1293 1295 1345 est
1309 1305 1390 1363 quam

254 1386 483 1461 poculanatum.
508 1381 668 1444 Marullus
679 1404 744 1445 non
754 1383 837 1444 bene
848 1387 926 1445 oculi
941 1408 1030 1464 quam
1045 1389 1159 1446 lumina
1167 1390 1270 1449 nataf‘
1295 1384 1389 1446 Recte

253 1480 433 1565 perfectum
449 1483 640 1547 restitutum
656 1485 954 1548 estaLacbmanno
969 1485 1036 1564 III,
1047 1488 1125 1550 907:
1142 1495 1174 1549 at
1190 1512 1243 1550 nos
1259 1493 1390 1551 horrifico

255 1591 434 1650 cinefactum
453 1598 484 1651 te
506 1613 598 1670 prope
624 1594 713 1651 busto
732 1592 945 1652 insatiabiliter
964 1588 1134 1674 deflevimus
1153 1610 1211 1673 pro
1234 1610 1290 1666 eo,
1313 1587 1391 1671 quod

254 1685 330 1750 libri
344 1687 491 1773 impressi
512 1690 646 1768 habent,
667 1690 848 1775 deflebimus.
880 1691 1038 1775 Exempla
1053 1689 1190 1774 perfecti
1205 1698 1285 1775 post
1299 1690 1391 1776 parti·

255 1792 344 1854 aulas
360 1793 451 1855 simol
464 1816 512 1865 ac,
528 1793 630 1866 amat,
654 1793 705 1855 ott
724 1792 824 1875 positi
845 1794 937 1856 surlt:
962 1794 990 1871 I,
1009 1797 1059 1858 10.
1077 1796 1115 1858 87
1133 1816 1221 1877 sqq.:
1244 1801 1295 1857 cni
1310 1794 1393 1856 aaut

254 1901 349 1959 infula
363 1902 512 1979 virgineos
528 1902 639 1960 circum
655 1901 725 1960 data
739 1906 877 1978 comptus
891 1934 923 1942 -
933 1897 1103 1981 paoJ‘osaat,
1121 1907 1153 1960 st
1167 1906 1300 1961 mestum
1310 1896 1393 1959 simut

254 2010 324 2064 ante
340 2024 403 2063 aras
418 2005 535 2063 adstare
550 2008 704 2083 parentem
719 1999 823 2061 serait.
856 1998 917 2076 VI,
933 2001 1011 2063 440:
1033 2023 1123 2082 quam
1142 1999 1235 2064 cimai
1248 2021 1288 2062 ac
1303 2005 1392 2082 gravi·

255 2108 323 2165 dam
345 2103 474 2165 detrusit
494 2109 531 2167 ad
552 2128 679 2185 aequora
700 2108 795 2185 ponti.
827 2101 880 2164 Sia
896 2108 985 2164 recte
1001 2101 1191 2166 Lambinus.
1224 2102 1393 2165 Corrsctor

255 2205 391 2287 oblongi
409 2206 556 2269 detrudat.
587 2229 619 2268 v.
636 2209 714 2270 452:
738 2210 853 2269 Nubila
872 2217 1074 2283 concrescunt,
1097 2204 1148 2267 aba·
1163 2230 1289 2288 corpora
1304 2211 1393 2270 mults

255 2314 383 2372 volando
398 2314 455 2372 hoc
470 2334 576 2392 supero
591 2314 624 2372 in
638 2314 712 2373 caeli
728 2314 825 2389 spatio
841 2308 937 2370 coiere
951 2317 1083 2391 repente.
1107 2307 1174 2370 Inf.
1187 2307 1329 2392 perfecti
1343 2328 1393 2392 per

255 2411 452 2474 antecedens
476 2414 518 2494 (v.
546 2413 641 2495 Synt.
666 2410 763 2493 prise.
790 2431 851 2473 scr.
877 2410 936 2473 lat.
961 2410 1009 2489 II,
1025 2435 1057 2494 p.
1076 2413 1128 2492 80)
1149 2416 1327 2494 usurpatus
1348 2415 1393 2473 est

256 2511 322 2590 III,
340 2516 379 2576 69
395 2521 529 2579 homines
545 2520 616 2578 dum
631 2541 662 2578 se
683 2520 757 2578 falso
776 2525 888 2577 terrore
909 2520 1004 2577 coacti
1025 2512 1163 2597 esfaqisse
1181 2519 1291 2577 volunt
1311 2518 1393 2595 longe

256 2622 404 2700 longeque
418 2639 554 2680 ramasse.

339 2724 371 2783 4.
400 2720 733 2806 Ptaaqaamperfectam
752 2721 792 2783 de
812 2717 952 2804 repetita
971 2717 1099 2782 actione
1118 2718 1264 2802 positum
1284 2726 1337 2782 est
1355 2717 1392 2795 V,

257 2824 440 2887 809.1243.
473 2823 533 2902 VI,
556 2827 653 2888 1218:
675 2824 728 2886 ali
744 2828 898 2904 portarat,
922 2827 1085 2904 languebat
1103 2831 1200 2886 morte
1221 2828 1393 2906 propinqua.

258 2924 531 2990 Conditionaliter
551 2926 693 3011 positum
716 2927 757 3004 V,
779 2927 855 2990 174:
879 2930 988 3008 quidve
1009 2931 1081 2988 mali
1096 2925 1209 3008 ficerat
1230 2929 1319 2988 nobis
1339 2947 1394 2988 non

258 3055 320 3094 esse
336 3035 462 3096 creatis?

231 3192 235 3202 .
342 3136 372 3196 b.
397 3133 555 3196 Fatorum.
588 3133 654 3210 III,
678 3133 738 3196 573
760 3155 825 3214 sq.:
848 3156 954 3214 corpus
974 3137 1053 3194 enim
1074 3138 1165 3212 atqua
1185 3134 1321 3192 animans
1343 3127 1394 3190 erit

257 3246 315 3314 aer,
330 3242 356 3300 si
371 3241 508 3300 cohibere
523 3243 555 3300 in
570 3262 601 3300 se
616 3242 745 3300 animam
761 3245 851 3318 atque
865 3241 896 3298 in
913 3259 962 3298 sos
978 3239 1090 3317 poterit
1104 3237 1282 3296 concludere
1291 3243 1394 3295 motus.

257 3338 297 3402 In
322 3338 427 3421 priora
450 3339 594 3402 membro
619 3345 707 3402 recte
731 3337 879 3401 restituit
898 3343 1028 3420 tempus
1047 3336 1194 3399 futurum
1214 3333 1394 3418 Naugerius

258 3441 326 3504 erit.
357 3440 581 3504 Memorabilis
598 3448 649 3504 est
663 3443 755 3504 locus
770 3441 813 3518 V,
829 3444 905 3505 885:
924 3465 992 3504 nam
1008 3464 1094 3522 saepe
1109 3444 1200 3502 etiam
1215 3462 1298 3501 nnnc
1311 3443 1396 3501 ubera

257 3569 452 3609 mammarum
474 3550 506 3608 in
529 3551 640 3609 somnis
664 3550 809 3609 lactantia
832 3548 965 3627 quaeret.
1003 3542 1042 3605 L.
1067 3539 1254 3618 „Marullus
1278 3540 1395 3623 primns

258 3648 393 3733 qaaerit,
426 3648 511 3729 quod
536 3670 601 3711 non
626 3668 738 3730 aeque·
753 3653 878 3710 certum
903 3646 997 3723 duco,
1024 3643 1099 3727 quia
1122 3641 1231 3711 futuro
1254 3648 1397 3727 tempore

259 3750 338 3813 satis
346 3757 422 3834 apte
430 3751 589 3815 diciturid
597 3751 683 3833 quod
692 3751 776 3813 forte
784 3749 958 3833 aliquando
968 3746 1150 3828 contingat,
1161 3767 1227 3809 non
1237 3750 1399 3830 semper.“

343 3857 372 3917 6.
397 3854 437 3916 ln
462 3855 669 3918 consecatione
692 3859 854 3933 temporam
877 3853 911 3916 iu
935 3849 1120 3946 universum
1141 3847 1316 3912 Lueretius
1338 3869 1398 3911 non

258 3956 422 4041 discrepat
445 3980 464 4021 a
487 3956 620 4041 reliquis
646 3955 869 4041 scriptoribus.
908 3954 1116 4038 Quapropter
1141 3957 1230 4014 recte
1255 3950 1399 4014 abach·

257 4082 375 4123 manno
399 4060 626 4144 imperfectum
651 4058 851 4122 coniunctivi
874 4057 1064 4121 restitutum
1088 4063 1139 4118 est
1159 4056 1203 4133 V,
1227 4057 1310 4117 1262
1330 4075 1397 4135 sqq·

251 4164 433 4244 penetrabat
455 4189 504 4228 eos
525 4201 555 4209 —
576 4173 611 4225 ut
626 4168 683 4226 sibi
698 4168 761 4226 tela
776 4163 896 4234 doceat,
919 4167 1068 4243 silvasque
1083 4169 1118 4222 ut
1134 4165 1255 4222 caedere
1264 4161 1397 4238 possent,

259 4289 333 4350 pro:
352 4276 386 4330 ut
401 4272 458 4338 sibi
472 4273 534 4330 tela
549 4276 655 4348 parent
671 4272 818 4347 silvasque
835 4274 866 4328 et
881 4271 985 4328 cedere
1000 4269 1125 4345 possint,
1141 4260 1221 4323 item
1237 4258 1272 4322 in
1286 4279 1398 4322 cnunc.

260 4369 472 4437 conditionali
493 4370 553 4447 IV,
572 4372 631 4432 925
649 4390 733 4450 sqq.:
759 4373 880 4450 quippe,
905 4372 957 4431 ubi
981 4372 1065 4430 nulla
1088 4371 1183 4428 latens
1208 4369 1319 4426 animai
1338 4385 1400 4444 pars
