2874 4934
233 383 272 442 58
643 397 798 442 ausuros.
831 396 966 443 clmrv.

232 573 328 631 hilum
350 572 479 647 tempore
500 566 537 628 de
557 572 673 631 mortis.
702 564 765 644 IV,
783 567 839 631 31:
862 571 1053 631 membranae
1073 587 1184 629 ramme
1206 567 1244 629 de
1265 588 1389 648 corpore

231 694 331 733 rerum
347 674 497 751 dereptae.
528 692 560 733 v.
577 672 633 733 43:
651 675 768 734 mittier
782 675 820 737 ab
835 675 934 749 rebus,
955 690 1066 733 commo
1087 669 1124 732 de
1139 690 1262 752 corpore
1276 695 1387 735 rerum.

231 795 263 836 v.
282 774 337 835 53:
364 777 448 834 cuius
472 796 600 854 cumque
624 778 706 836 cluet
730 773 767 835 (le
790 793 912 853 corpore
935 779 1001 838 fusa
1024 777 1136 854 vagari.
1166 795 1199 836 v.
1221 776 1279 836 59:
1299 779 1389 837 vitali

232 900 301 938 enm
315 880 502 939 membranas
519 873 555 935 de
571 895 691 954 corpore
706 895 817 936 summo
832 884 989 940 nascentes
1003 880 1143 939 mittunt.
1166 897 1199 939 v.
1211 878 1269 939 64:
1285 881 1388 941 tenuis

231 1001 351 1061 quoque
367 982 458 1041 debet
472 983 573 1059 imago
588 982 626 1041 ab
640 983 729 1041 rebus
744 983 838 1055 mitti,
854 998 964 1039 summo
979 977 1016 1040 de
1027 998 1148 1059 corpore
1157 1002 1268 1042 rerum.
1283 999 1317 1041 v.
1331 978 1385 1043 74:

231 1078 367 1164 (largiri)
390 1080 426 1142 de
446 1079 568 1142 sommia
592 1118 623 1126 -
649 1085 788 1144 colorem.
818 1102 851 1142 v.
869 1083 925 1144 84:
948 1085 1044 1144 lintea
1059 1080 1096 1143 de
1110 1101 1221 1142 summo
1237 1105 1307 1144 enm
1322 1100 1387 1143 cor·

224 1203 302 1264 pore
330 1187 433 1245 fucum
463 1188 602 1246 mittunt.
638 1205 669 1245 v.
698 1185 860 1246 1232-au0
885 1182 923 1245 de
946 1202 1068 1263 corpore
1092 1187 1215 1246 odorem
1238 1188 1386 1266 expirant.

230 1307 263 1347 v.
281 1286 360 1347 308:
379 1291 450 1367 quia
464 1290 572 1349 luroris
588 1284 625 1347 de
641 1305 762 1366 corpore
778 1310 881 1348 eorum
896 1290 1011 1348 semina
1025 1291 1123 1349 multa
1136 1291 1246 1349 fluunt.
1266 1307 1300 1348 v.
1312 1287 1386 1349 326:

229 1394 265 1451 fit
281 1411 401 1471 quoqne
417 1387 453 1451 de
467 1388 588 1467 apecula
603 1392 635 1450 in
650 1394 807 1471 speculum
821 1397 858 1451 ut
872 1392 1011 1454 tradatur
1024 1392 1134 1470 imago.
1164 1409 1197 1452 v.
1215 1388 1295 1452 338:
1318 1395 1388 1470 quia

231 1490 269 1552 de
289 1489 409 1570 speculo
430 1493 462 1552 in
484 1496 639 1572 speculum
659 1495 840 1554 transfertur
859 1494 968 1572 imago.
998 1512 1030 1553 v.
1048 1492 1127 1554 344:
1145 1490 1182 1552 de
1196 1496 1313 1572 speculi
1328 1513 1387 1576 qua

226 1597 318 1673 porte
332 1596 463 1654 recedas.
492 1613 525 1654 v.
543 1593 622 1655 897:
640 1601 760 1656 exstant
775 1617 869 1674 usque
885 1598 991 1676 procul
1004 1593 1102 1656 aredio
1118 1593 1155 1655 de
1164 1592 1289 1674 premite
1303 1619 1387 1659 mou·

229 1701 280 1758 tis.
310 1716 341 1756 v.
361 1696 440 1756 541:
466 1699 583 1758 amittit
608 1695 645 1757 de
668 1715 790 1776 corpore
812 1705 939 1779 partem.
970 1717 1002 1758 v.
1025 1698 1106 1758 816:
1131 1700 1331 1779 adopinamur
1351 1696 1386 1759 de

229 1796 326 1878 alania
336 1801 466 1860 maxima
468 1795 588 1876 porcia.
607 1798 687 1861 v.87
692 1799 709 1859 5
720 1819 726 1857 :
739 1801 805 1860 sitis
816 1798 852 1860 de
862 1817 983 1878 corpore
992 1803 1094 1861 nostro
1104 1803 1248 1862 abluitur.
1264 1800 1384 1862 aare:

230 1906 357 1962 exterae
373 1923 480 1982 corpus
497 1899 534 1961 de
541 1905 636 1981 porte
651 1924 806 1964 necessum
822 1909 868 1963 est
888 1937 919 1946 -
939 1905 1070 1964 tundier.
1086 1922 1119 1964 v.
1131 1902 1210 1964 998:
1228 1925 1338 1985 corpus
1353 1901 1386 1964 de

230 2008 311 2064 terra
334 2008 482 2085 corripere
502 2007 629 2066 instant.
659 2023 692 2064 v.
710 2004 809 2065 1020:
833 2002 1039 2064 dementibus
1061 2002 1136 2065 attia
1155 2011 1191 2066 ut
1206 2009 1261 2085 qui
1276 2009 1384 2086 praeci·

229 2109 338 2187 pitent.
360 2127 392 2167 v.
410 2106 508 2168 1056:
526 2129 662 2169 umorem
683 2141 714 2151 -
736 2105 772 2166 de
787 2125 909 2184 corpore
924 2109 1059 2169 ductum.
1082 2127 1114 2168 v.
1126 2107 1225 2168 1133:
1243 2111 1384 2189 quoniam

229 2206 326 2268 medio
342 2207 480 2291 desento
495 2213 632 2290 leporum
653 2212 751 2288 surgit
772 2213 866 2270 amari
885 2213 1003 2291 aliquit.
1033 2229 1066 2270 v.
1085 2210 1184 2281 1214:
1206 2228 1332 2289 corpore
1349 2208 1384 2271 de

222 2307 331 2388 patrio
346 2318 377 2372 ot
390 2315 525 2371 materno
540 2308 690 2388 sanquine
700 2319 847 2374 crescunt.
870 2308 913 2387 V,
927 2310 1004 2373 275:
1021 2309 1243 2374 fluitderebaa.
1262 2333 1295 2374 v.
1307 2311 1383 2375 48⁷:

229 2435 383 2493 expressus
403 2450 435 2457 -
456 2412 492 2473 (le
507 2432 630 2491 corpore
645 2417 745 2475 sudor.
775 2433 807 2474 v.
827 2414 905 2475 568:
929 2418 974 2477 nil
995 2436 1029 2477 ea
1047 2419 1080 2475 in
1100 2417 1147 2476 hia
1161 2404 1332 2478 interuallis
1347 2413 1382 2476 de

228 2532 351 2593 corpore
366 2519 463 2577 libant
478 2519 674 2577 flammarum.
697 2537 727 2576 v.
747 2515 824 2578 576:
842 2520 904 2579 sive
919 2540 1003 2580 snam
1012 2514 1140 2597 proprio
1155 2520 1251 2579 iactat
1266 2515 1305 2579 de
1320 2536 1381 2579 eor-

225 2622 417 2696 poreluoem.
439 2637 470 2678 v.
485 2616 559 2679 793:
578 2617 615 2677 de
624 2616 707 2679 caelo
718 2623 868 2682 cecidisse.
884 2640 916 2680 v.
927 2619 944 2682 7
948 2620 989 2680 94
999 2617 1036 2681 de
1044 2617 1136 2680 aalaia
1146 2623 1239 2683 exisse
1250 2617 1380 2682 taccam.

229 2741 260 2781 v.
279 2720 357 2781 906:
380 2743 430 2781 ore
451 2724 529 2782 foras
550 2743 648 2782 acrem
669 2725 755 2783 flaret
770 2720 808 2783 dc
823 2741 944 2812 corpore
958 2720 1129 2785 flammam?
1160 2743 1192 2783 v.
1210 2722 1291 2784 920:
1309 2746 1384 2804 quae

229 2822 266 2884 de
290 2819 380 2883 terrie
403 2846 484 2884 nunc
508 2845 628 2904 quoque
651 2826 817 2886 abundant.
854 2822 916 2900 VI,
941 2824 995 2885 76:
1020 2848 1076 2887 noc
1100 2823 1138 2885 de
1161 2843 1285 2904 corpore
1310 2848 1385 2907 quae

211 2928 332 3011 ,saneto
348 2929 507 2988 simulacra
521 2929 661 2988 feruntur
676 2929 708 2987 in
723 2934 840 2988 mentes
855 2930 1023 2989 hominum.
1047 2942 1085 2988 'v.
1103 2927 1161 2988 99:
1182 2949 1238 2989 nec
1252 2932 1385 2991 fit-enim

227 3031 344 3092 sonitus
365 3032 440 3090 caeli
460 3027 497 3089 de
513 3042 604 3107 parte
617 3047 735 3089 cereno.
767 3049 799 3089 v.
818 3029 894 3092 lli:
913 3028 950 3090 de
965 3028 1061 3090 latere
1075 3033 1128 3091 ire.
1159 3049 1190 3089 v.
1209 3030 1289 3092 209:
1312 3035 1386 3113 quin

228 3136 320 3195 ctiam
335 3135 406 3194 solis
422 3129 458 3192 de
474 3128 588 3192 lumine
602 3135 700 3194 multa
715 3139 865 3199 necessest
880 3135 1046 3214 concipere.
1074 3152 1106 3193 v.
1125 3132 1203 3194 329:
1225 3138 1263 3194 ut
1278 3136 1385 3196 validis

228 3258 304 3317 quae
324 3233 361 3295 de
383 3231 539 3294 terrereris
559 3237 649 3295 missa
664 3239 812 3297 feruntur.
842 3254 875 3295 v.
893 3234 970 3296 386:
993 3237 1104 3316 quidve
1119 3256 1226 3298 nocere
1242 3243 1337 3316 queat
1351 3234 1386 3297 dc

228 3337 311 3398 eaelo
332 3339 468 3398 fulminis
489 3339 577 3398 ictus.
609 3356 641 3397 v.
658 3335 736 3399 427:
754 3341 786 3399 in
801 3358 883 3400 mare
899 3335 935 3399 de
951 3335 1035 3397 coebo
1051 3339 1223 3400 descendat.
1254 3358 1288 3398 v.
1305 3337 1384 3400 433:

226 3444 259 3501 in
279 3462 360 3501 maro
380 3437 418 3499 de
440 3437 524 3498 eaelo
546 3473 578 3483 -
599 3441 727 3501 demissa
742 3444 891 3502 columna.
921 3459 953 3501 v.
970 3440 1033 3502 466
1049 3459 1116 3521 sq.:
1140 3444 1206 3521 ipso
1221 3438 1337 3502 entim
1351 3439 1387 3502 dc

227 3545 339 3604 montis
349 3545 509 3604 videantur
518 3564 639 3621 surgere
648 3545 681 3603 in
690 3547 835 3605 aethram.
855 3561 886 3601 v.
898 3541 960 3604 477
971 3565 1092 3622 surgere
1102 3541 1139 3602 de
1149 3545 1244 3602 terra.
1262 3563 1295 3604 v.
1308 3544 1385 3605 512:

226 3651 325 3725 urget,
348 3643 385 3704 de
404 3662 511 3723 soporo
533 3625 653 3726 premit.
684 3641 738 3706 Sic
754 3641 892 3705 Lachm.
915 3664 974 3726 pro
994 3648 1099 3723 torpete
1113 3662 1232 3723 rupero,
1256 3641 1387 3709 dicens:

227 3744 357 3828 „magis
367 3743 496 3828 proprie
506 3746 543 3807 de
551 3766 671 3827 rupero,
685 3767 748 3828 quo
760 3745 899 3808 Plautus
909 3766 988 3807 usus
1003 3750 1065 3822 est,
1084 3744 1204 3807 dicitur
1221 3767 1319 3827 quam
1336 3749 1388 3812 de·

225 3855 356 3929 auper.“
376 3869 408 3910 v.
428 3851 504 3911 522:
523 3847 603 3910 omni
623 3885 655 3895 -
676 3845 816 3929 deporta
830 3853 978 3913 feruntur.
1001 3850 1391 3917 rocambarbaram

227 3956 384 4015 stimulum
400 3951 531 4035 qondam
546 3951 584 4014 de
593 3956 687 4032 porte
701 3957 828 4015 timoris.
855 3973 886 4014 v.
900 3953 977 4015 633:
995 3956 1028 4015 in
1043 3975 1124 4015 mare
1140 3951 1176 4013 de
1193 3951 1284 4014 tercia
1294 3960 1389 4019 venit

226 4077 259 4119 v.
274 4055 348 4118 735:
360 4059 487 4118 forsitan
496 4059 684 4138 Aethiopum
695 4059 816 4138 penitus
828 4053 1023 4118 dementibus
1033 4053 1108 4116 allia
1125 4062 1248 4118 crescat.
1264 4077 1297 4119 v.
1310 4058 1390 4121 766:

226 4163 334 4228 ducere
351 4157 388 4219 de
403 4155 531 4219 latebris
546 4163 700 4240 serpentia
715 4162 812 4221 saecla
820 4161 959 4221 ferarum.
977 4179 1009 4219 v.
1022 4159 1083 4220 819
1095 4177 1158 4239 sq.:
1171 4155 1207 4218 de
1217 4162 1389 4242 terraquac

226 4265 324 4342 surgit
338 4265 371 4323 in
386 4283 482 4337 auras,
497 4267 533 4322 ut
548 4266 680 4342 spatium
697 4265 772 4325 caeli
787 4259 918 4343 quadam
934 4260 971 4322 de
987 4265 1078 4340 parte
1091 4269 1237 4325 venenat.
1262 4283 1295 4324 v.
1313 4265 1388 4330 855:

226 4387 289 4427 non
303 4368 415 4447 quierit
431 4367 562 4427 calidum
582 4383 692 4444 rupero
713 4364 749 4427 de
764 4368 889 4428 reddere
898 4368 1003 4444 porte.
1035 4385 1067 4426 v.
1085 4367 1164 4427 884:
1187 4362 1224 4424 de
1239 4369 1346 4450 terraq
1356 4392 1395 4436 ue
